4470 5772
1125 203 1147 266 9

1033 293 1236 310 ...μ-ιι,-

243 397 368 467 Eadem
397 397 431 465 iu
460 395 667 465 Floridorum
696 395 787 478 loeo,
815 416 912 479 quem
938 397 1034 464 initio
1062 397 1174 484 posui,
1203 393 1382 462 statuenda
1409 399 1476 469 eat,
1504 386 1602 454 modo
1633 391 1887 458 emendeturza'
1914 397 1962 470 qui
1990 413 2025 452 ee

242 521 978 598 11611ίυί611111111161611111111111611111111111
999 524 1136 598 quaedam
1156 524 1265 585 macca
1279 542 1308 584 ee
1321 524 1472 584 immiscuit.
1517 516 1647 612 QuipPe
1669 517 1857 586 Afrimrum
1879 509 2024 578 sudium

244 637 426 707 formarum
447 637 725 708 deminutiuarum
745 637 954 708 notissimum
976 643 1036 708 est

943 866 1327 947 TERTULLIANUS.

399 1036 552 1104 Godicem
574 1037 813 1122 agobardinum
833 1057 945 1104 omnes
968 1041 1131 1123 quotquot
1159 1036 1265 1103 libros
1288 1037 1518 1107 tertullianeos
1546 1046 1766 1108 seruauerunt
1793 1045 1826 1106 et
1857 1041 2025 1106 uetustate

244 1163 279 1224 ct
301 1160 500 1225 auctoritate
522 1159 571 1223 ita
593 1179 760 1242 superare,
782 1162 821 1223 ut
849 1159 885 1224 111
913 1159 961 1224 eis
989 1158 1083 1224 libris
1114 1179 1197 1242 quos
1223 1157 1281 1223 ille
1310 1157 1412 1225 habet
1439 1160 1474 1224 hi
1500 1162 1558 1227 uix
1580 1161 1680 1227 ullius
1702 1161 1859 1227 momenti
1881 1155 2026 1224 habendi

245 1277 313 1342 sint
335 1278 417 1343 satis
440 1284 578 1344 constat.
622 1276 809 1343 Librarium
831 1282 949 1358 autem,
972 1278 1030 1362 qui
1052 1277 1198 1342 codicem
1221 1277 1382 1385 separauit,
1410 1278 1445 1343 in
1469 1301 1507 1344 re
1537 1281 1667 1364 agenda
1694 1301 1812 1366 parum
1834 1279 2025 1363 diligentem

244 1402 279 1462 et
309 1403 501 1464 accuratum
529 1397 646 1476 fuisse,
672 1401 710 1464 ut
738 1417 805 1464 non
832 1417 909 1464 raro
939 1398 1143 1481 singularum
1171 1415 1292 1464 uocum
1317 1396 1447 1464 litteras
1475 1404 1534 1466 aut
1563 1400 1708 1485 syllabas
1735 1398 2024 1486 praetermitteret,

244 1517 494 1587 Maximilianus
517 1517 623 1584 frater
643 1538 735 1583 meus
745 1517 772 1603 1)
795 1519 949 1601 exposuit
969 1517 1094 1585 additis
1116 1517 1282 1601 exemplis.
1327 1519 1418 1597 Quae
1441 1519 1591 1602 exempla
1619 1520 1711 1586 haud
1739 1519 1807 1585 scio
1841 1541 1885 1584 an
1911 1517 2025 1602 augeri

243 1638 382 1722 possint.
418 1637 518 1704 Uelut
539 1637 583 1704 ad
597 1638 741 1704 Uxorem
755 1638 807 1704 15
828 1659 904 1721 pag..
924 1638 998 1704 676.
1023 1638 1040 1700 1
1064 1636 1193 1702 Oehler.
1211 1637 1252 1708 ,in
1274 1658 1311 1704 eo
1334 1657 1432 1720 quem
1453 1637 1523 1704 dixi
1545 1637 1658 1706 codice
1680 1640 1764 1706 haec
1790 1643 1881 1705 sunt:
1904 1644 2026 1701 adiciam

244 1763 353 1838 quidem
373 1763 424 1818 sibi
443 1762 562 1818 homines
588 1779 689 1820 causas
710 1763 868 1836 nuptimum
890 1763 924 1820 de
946 1761 1124 1822 commacina
1140 1762 1310 1836 posteritatis
1336 1772 1361 1820 et
1380 1762 1525 1820 liberorum
1547 1764 1726 1825 amarissima
1748 1763 1894 1838 calamato.
1937 1761 2026 1822 Notio

244 1883 358 1939 otiosum
382 1877 417 1959 (i.
441 1897 468 1943 1.
491 1875 624 1941 inutile:
647 1875 687 1944 cf.
712 1875 839 1940 Oehler.
862 1876 906 1941 ad
926 1875 1001 1941 libr.
1024 1875 1066 1944 de
1095 1895 1218 1942 corona
1240 1875 1273 1959 1)
1297 1889 1343 1940 est.
1386 1880 1463 1940 Nam
1484 1882 1551 1956 quid
1563 1884 1711 1956 partiamus
1726 1882 2026 1956 661119111191111

243 2018 303 2058 cum
333 1999 472 2066 babemus,
498 2002 674 2076 praemittere
699 2009 834 2075 optamus.
877 1994 945 2060 Neo
973 1995 1040 2060 scio
1072 1995 1152 2079 quid
1180 1995 1215 2060 id
1242 1996 1289 2060 sit
1314 2001 1414 2058 liberos
1433 2018 1539 2074 perere,
1569 2000 1603 2060 et
1631 1995 1659 2064 si
1689 1997 1823 2078 scirem,
1840 1995 1883 2064 ad
1903 1994 2026 2062 liberos

245 2113 408 2198 gerendos
430 2135 532 2180 uxore
555 2136 636 2198 opus
658 2136 723 2181 non
746 2135 817 2180 esse
840 2114 920 2180 scio.
964 2114 1056 2179 Idem
1087 2136 1161 2179 cum
1190 2115 1351 2180 sentirent
1377 2114 1468 2179 docti
1493 2114 1639 2198 librarii,
1670 2115 1726 2198 qui
1755 2114 1885 2182 codices
1907 2112 2024 2179 1111161-

243 2233 422 2299 bonensem
444 2237 478 2300 et
499 2234 678 2300 leidensem
701 2235 914 2318 scripserunt,
937 2255 995 2299 suo
1018 2233 1124 2299 Marte
1146 2241 1216 2297 scire
1238 2233 1488 2314 substituerunt,
1511 2233 1601 2317 quod
1624 2254 1698 2300 cum
1713 2233 1772 2299 alii
1786 2233 1911 2300 homini
1926 2233 2024 2299 docto

245 2354 357 2420 nescio
387 2356 441 2418 cui
468 2375 534 2418 non
563 2352 754 2420 satisfacere
790 2353 977 2433 uideretur,
1012 2352 1119 2418 altera
1150 2375 1250 2419 manu
1277 2353 1321 2419 ad
1352 2352 1631 2420 vindobonensem
1666 2353 1846 2440 adscripsit
1880 2359 2026 2432 campere.

246 2473 348 2538 Recte
372 2473 407 2538 id
430 2472 572 2556 quidem,
594 2473 623 2538 si
647 2472 843 2538 sententiam
865 2476 1011 2556 spectas3
1033 2473 1092 2537 sed
1113 2473 1211 2538 nimis
1232 2473 1330 2554 longe
1352 2471 1436 2536 abiit
1457 2471 1500 2538 ab
1515 2472 1664 2556 exemplo
1687 2493 1757 2539 suo.
1787 2472 1894 2538 Multo
1909 2470 2026 2536 melius

244 2592 368 2657 Beatus
390 2592 566 2657 Rhenanus
588 2616 688 2663 serere,
709 2612 807 2675 quem
828 2596 962 2674 praeter
976 2591 1155 2676 Rigaltium
1170 2595 1205 2656 et
1220 2591 1395 2656 Oehlerum
1411 2592 1557 2659 editores
1572 2593 1678 2658 secuti
1692 2596 1777 2659 suut
1809 2590 1862 2672 Ac,
1878 2589 2027 2674 quamuis

243 2711 337 2776 facili
364 2733 467 2796 opera
492 2732 546 2777 res
575 2712 731 2794 expedita
756 2712 925 2791 uideatur,
956 2733 1034 2776 usus
1064 2711 1295 2776 tertullianeue
1325 2710 1447 2776 obstat.
1492 2711 1576 2776 Nam
1598 2715 1632 2776 et
1653 2731 1730 2776 raro
1753 2711 1793 2776 de
1815 2709 1930 2775 liberis
1951 2729 2027 2792 pro·

246 2832 401 2898 creandis
424 2831 556 2897 serendi
577 2831 679 2896 uerbo
702 2836 737 2895 et
758 2831 822 2896 nisi
843 2831 976 2914 passivo
998 2851 1117 2914 genere
1139 2851 1206 2895 non
1226 2831 1341 2910 utitur,
1364 2830 1400 2894 in
1422 2849 1488 2914 qua
1509 2851 1546 2894 re
1570 2851 1644 2894 cum
1658 2829 1791 2914 optimis
1807 2827 2026 2912 scriptoribus

244 2953 411 3035 congruit3
433 2950 526 3015 locus
549 2949 1291 3016 enirnlucretianus111573aLachmanno
1319 2949 1403 3014 bene
1433 2950 1608 3014 restitutus
1638 2952 1698 3016 est.
1748 2947 1914 3027 Quantum
1941 2945 2027 3011 enim

243 3071 388 3155 memini,
411 3091 477 3136 uno
499 3071 572 3136 loco
596 3069 726 3134 serendi
748 3069 884 3134 uerbum
907 3069 970 3134 hae
993 3070 1126 3154 quidem
1147 3069 1281 3135 notione
1304 3068 1393 3153 apud
1415 3067 1657 3133 Tertullianum
1679 3071 1728 3132 est
1743 3067 1843 3152 idque
1858 3065 2028 3150 passiuum

248 3191 304 3276 (de
326 3190 438 3255 anima
458 3189 499 3254 37
521 3211 596 3273 pag.
619 3187 691 3254 617.
716 3189 758 3253 22
779 3188 922 3256 Oehler.:
946 3212 1050 3252 omnem
1065 3203 1156 3252 autem
1176 3195 1290 3252 bominis
1309 3196 1338 3251 im
1353 3202 1430 3251 utero
1445 3193 1564 3258 serendi,
1579 3193 1711 3258 emendi,
1720 3192 1827 3267 figendi
1836 3187 2027 3268 paraturam).

242 3311 362 3393 ltaque
385 3309 451 3374 alia
472 3308 626 3374 medendi
647 3309 733 3374 ratio
756 3308 1049 3392 circumspicienda
1071 3311 1144 3375 erit.
1188 3309 1291 3392 Lege:
1314 3313 1411 3371 liberos
1424 3329 1568 3388 generare,
1612 3307 1652 3372 Id
1668 3307 1755 3371 enim
1770 3305 1909 3372 uerbum
1930 3303 1971 3368 de
1987 3325 2027 3369 ea

244 3451 281 3495 re
304 3429 394 3515 apud
415 3427 652 3494 Tertullianum
673 3427 926 3493 usitatissimum
948 3433 999 3494 est
1026 3429 1081 3512 (ef.
1103 3429 1199 3512 Apol.
1222 3430 1263 3493 21
1286 3449 1360 3513 pag.
1386 3425 1457 3492 198.
1482 3425 1532 3505 15,
1548 3425 1589 3492 61
1610 3447 1739 3510 monog.
1762 3427 1782 3490 6
1804 3445 1878 3510 pag.
1901 3423 1974 3492 769.
1997 3423 2026 3504 2,

243 3549 284 3615 61
306 3550 415 3634 pudic.
440 3550 460 3614 8
482 3567 555 3632 pag.
579 3547 652 3612 808.
674 3556 705 3627 4,
727 3548 768 3613 61
790 3550 987 3632 praescript.
1009 3548 1133 3615 haeret.
1156 3549 1198 3613 33
1220 3568 1295 3634 pag.
1311 3549 1364 3619 31.
1389 3545 1438 3629 18,
1462 3546 1503 3612 de
1526 3565 1625 3613 carne
1648 3545 1723 3614 Chr.
1741 3543 1780 3610 18
1802 3565 1877 3632 pag.
1900 3544 1972 3612 456.
1996 3543 2025 3627 2,

249 3671 293 3736 20
314 3689 388 3754 pag.
410 3667 484 3734 457.
507 3668 559 3749 21,
582 3665 623 3733 de
645 3669 756 3734 anima
776 3668 799 3732 4
819 3687 893 3752 pag.
917 3667 990 3734 561.
1013 3669 1079 3756 25).

1008 3978 1262 4056 ARNOBIUS.

398 4150 438 4214 In
473 4147 560 4212 libro
597 4148 740 4212 secundo
778 4153 893 4214 eontra
921 4149 1191 4234 philosophorum
1219 4153 1403 4215 commenta
1430 4149 1593 4233 disputat,
1623 4149 1744 4233 quibus
1771 4148 1870 4215 fidem
1892 4149 1934 4216 de
1957 4150 2027 4217 deis

242 4271 362 4338 haberi
390 4270 554 4354 queritur,
583 4267 714 4334 Christo
744 4268 784 4334 61
813 4271 887 4352 ipso
915 4274 948 4336 st
975 4270 1016 4336 61
1038 4269 1100 4335 611
1122 4289 1189 4334 non
1211 4268 1338 4338 haberi.
1381 4269 1452 4334 Iam
1473 4269 1522 4336 ita
1544 4268 1653 4354 pergit
1682 4268 1729 4354 (II
1751 4269 1792 4334 12
1808 4289 1887 4360 pag.
1910 4269 1962 4336 56.
1987 4269 2026 4332 19

241 4390 364 4474 Reiff.):
389 4403 550 4468 argumenta
563 4410 613 4449 moe
627 4391 704 4449 mobis
719 4402 744 4474 et
757 4396 939 4468 susspiciosum
953 4395 1076 4468 arpictias
1086 4394 1259 4468 proferatis:
1273 4394 1370 4468 quibua
1391 4395 1449 4468 ipse
1472 4396 1497 4454 ei
1521 4392 1645 4454 otarius
1664 4424 1709 4438 --
1728 4412 1788 4452 cum
1806 4411 1877 4468 pace
1899 4394 1948 4452 boc
1970 4395 2027 4450 eius

241 4525 268 4572 'et
289 4533 351 4572 cum
364 4514 447 4570 aemio
466 4512 583 4569 diacrim
601 4543 643 4554 -
658 4509 858 4591 populorum2)
879 4516 910 4604 iu
928 4511 1102 4571 conuentibus
1123 4522 1253 4588 uteretur,
1276 4515 1337 4588 quie
1359 4514 1556 4590 adquiesceret,
1579 4515 1641 4588 quia
1662 4513 1781 4578 audiret,
1797 4513 1858 4586 quis
1880 4531 1940 4570 cum
1958 4531 2027 4588 pro-

400 4749 420 4817 ¹)
439 4747 574 4803 durarum
585 4749 825 4803 tertullianearum
836 4749 944 4818 parttI
957 4753 987 4804 et
998 4749 1036 4805 Π.
1057 4748 1180 4820 Scripsit
1191 4750 1451 4810 lausdunum
1459 4767 1542 4826 pagg.
1553 4752 1586 4807 16
1596 4767 1658 4826 sqq.
1677 4751 1770 4820 (Halia
1781 4751 1923 4806 Saxonum
1937 4747 2026 4818 18111).

241 4852 263 4923 ²)
282 4853 301 4910 i.
320 4865 344 4907 1.
363 4851 520 4920 hominum3
539 4849 573 4904 cf.
592 4849 732 4905 Sittelium
749 4849 770 4906 1.
787 4865 811 4906 1.
829 4866 890 4922 pag.
909 4848 969 4908 108.

1805 4939 1823 5002 4
