4470 5772
1016 201 1057 266 10

145 398 258 454 uiueret
281 402 376 469 aperte
398 394 503 468 alequid
529 394 670 453 tautecurt
720 385 775 455 Sia
804 389 916 460 codex.
959 390 1109 472 Ursinus,
1138 409 1236 475 quem
1266 388 1415 456 homines
1445 388 1535 456 docti
1564 390 1669 457 secuti
1698 394 1774 458 sunt
1802 411 1922 474 omnes,

145 516 205 590 quie
234 532 292 572 eum
317 516 476 590 promittere
510 523 603 590 aperte
640 514 744 590 aliquid
771 515 905 574 iudicaret
932 509 1130 578 emendauit.
1184 512 1229 576 At
1260 529 1326 576 non
1356 509 1549 593 promittere
1581 511 1706 597 aliquid
1735 511 1924 598 philosophi

147 629 309 712 dicuntur,
332 628 390 696 sed
413 632 559 696 statuere
582 631 616 695 01
637 648 830 713 proponere,
853 634 891 694 ut
911 629 1085 715 legendum
1107 630 1274 699 uideatur:
1298 636 1358 713 quir
1379 651 1439 693 eum
1457 625 1744 714 promitteret‘apeue
1766 635 1871 713 aequm
1885 637 1924 694 tn·

148 756 262 815 dicaret
304 749 353 816 De
375 747 545 816 indicandi
566 747 671 815 uerbo
694 747 735 815 ci.
758 749 808 816 III
832 747 881 817 14.
903 748 949 816 IV
971 751 1000 818 9.

300 885 395 952 1141
419 905 493 971 pag.
516 887 567 955 81.
592 887 632 952 13
654 885 781 954 animas
805 887 932 972 origine
953 886 1083 954 diuinas
1105 885 1180 955 ideo
1204 887 1296 955 caelo
1320 887 1478 954 demissas
1501 907 1571 955 esse
1594 893 1703 974 negat,
1725 892 1764 955 01
1779 887 1926 956 macellis

147 1009 181 1072 01
195 1003 431 1074 crudelissimis
446 1004 615 1074 furoribus
631 1006 965 1091 amphitheatralibus
980 1006 1171 1092 gauderent,
1193 1013 1221 1070 in
1242 1013 1327 1070 altero
1342 1012 1439 1070 mandi
1452 1011 1570 1072 domines
1585 1023 1726 1073 cernerent
1741 1023 1766 1072 et
1780 1013 1926 1072 bardarum

146 1130 291 1188 laniatibus
313 1130 446 1208 dissipari
533 1139 561 1188 at
587 1133 615 1188 in
639 1132 726 1190 altero
754 1128 789 1213 (i.
812 1149 840 1199 a.
863 1127 1118 1214 amphitheatra,
1145 1132 1233 1190 altera
1261 1125 1379 1209 codex)
1406 1148 1471 1189 uera
1501 1133 1657 1190 animalium
1683 1135 1844 1192 mismarum
1872 1131 1928 1192 dis·

147 1260 287 1326 serperent
308 1252 425 1310 uiscera.
469 1244 586 1313 Nescio
609 1266 651 1312 au
672 1251 820 1331 praestet
841 1261 871 1310 at
899 1257 920 1309 'n
944 1253 1030 1312 altero
1052 1255 1118 1312 uiua
1139 1253 1296 1312 animalium
1317 1253 1477 1310 miserorum
1499 1251 1683 1328 discerperent
1704 1253 1821 1312 uircma.

300 1398 332 1463 11
359 1399 402 1464 49
429 1420 503 1485 pag.
526 1400 578 1466 86.
601 1399 642 1465 21
666 1421 737 1466 000
763 1401 798 1466 10
825 1402 937 1469 codice
969 1402 1014 1468 011
1041 1406 1128 1469 10010
1157 1399 1425 1468 Reifferscheidio
1455 1405 1522 1480 quiet
1550 1407 1619 1464 enim
1647 1407 1671 1464 0·
1696 1401 1829 1463 tanturm
1851 1407 1928 1464 dicae

147 1532 255 1600 captum
276 1524 402 1582 mentiris
423 1524 545 1582 omnibus
567 1533 591 1582 et
612 1523 773 1583 tristantem
794 1527 968 1586 scrutiatibas
996 1530 1104 1604 ceperis
1130 1528 1232 1586 idcirco
1262 1543 1319 1584 esee
1341 1543 1449 1590 sanaem,
1472 1525 1547 1600 quod
1567 1526 1647 1584 uniar
1668 1527 1804 1601 unpuiruli
1825 1525 1929 1583 nullum

143 1645 317 1719 perpetiatur
338 1643 468 1710 dotorem,
492 1639 672 1706 Salmasius
695 1641 839 1707 correxit
862 1663 896 1703 ea·
917 1646 1088 1713 00001100,
1112 1641 1269 1722 Sabaeas,
1293 1661 1391 1724 quem
1412 1643 1730 1716 00000000100001,
1754 1644 1928 1703 00000100.

147 1759 258 1838 110010,
280 1758 347 1824 0101
368 1757 477 1825 fallor.
521 1757 604 1824 Nam
627 1758 774 1826 eiulandi
800 1761 947 1843 uerbum,
971 1760 1060 1845 quod
1086 1762 1197 1843 sciam,
1228 1765 1286 1827 aut
1314 1759 1440 1825 nullum
1469 1779 1581 1824 casum
1608 1759 1709 1826 habet
1738 1758 1930 1824 adiunctum

148 1883 207 1944 aut
231 1877 472 1959 accusatiuum3
501 1896 618 1944 caussa
640 1898 699 1946 cur
721 1879 796 1964 quis
819 1880 920 1946 010101
942 1881 1031 1964 apud
1056 1901 1157 1947 unum
1180 1881 1370 1946 Ciceronem
1397 1877 1491 1948 Tusa.
1514 1880 1547 1944 11
1571 1881 1599 1946 t.
1626 1881 1664 1946 19
1692 1878 1841 1946 01101100
1872 1878 1930 1944 ad-

146 1998 310 2083 iungiturt
337 1997 550 2083 (Philocteta)
585 2004 675 2078 eptam
695 2005 842 2064 Herculem
861 2005 971 2064 uiderat
994 2006 1022 2062 in
1048 2004 1117 2064 Oeta
1136 2005 1320 2081 mcpnttudine
1342 2003 1467 2062 aearum
1488 2003 1638 2061 eiulantem.

300 2151 346 2218 IV
376 2151 415 2216 16
433 2149 588 2238 ι0010000
617 2151 784 2219 Mineruae
815 2153 855 2218 de
883 2154 1025 2220 nominis
1055 2154 1181 2220 honore
1209 2157 1377 2218 certantes
1415 2151 1509 2234 facit;
1543 2155 1619 2236 post
1645 2153 1786 2236 primam
1816 2151 1931 2236 prodit

149 2270 265 2354 quinta
286 2291 360 2356 pag.
391 2271 462 2337 153.
487 2270 543 2336 16:
570 2276 659 2343 immo,
688 2279 788 2353 inquiet
809 2279 903 2353 quinta
932 2279 1073 2344 Minerua,
1102 2279 1202 2336 tutante
1231 2294 1301 2352 qreae
1330 2277 1432 2334 marita
1458 2286 1482 2334 et
1507 2294 1650 2354 puerpera
1678 2277 1773 2334 totiens
1797 2279 1931 2335 castitatis

147 2413 236 2472 purae
258 2397 397 2453 imminuta
427 2413 455 2453 ee
482 2395 633 2454 000001αο.
678 2391 885 2458 Uocabulum
908 2397 1099 2477 corruptum
1125 2399 1225 2456 meante
1252 2391 1309 2456 alii
1338 2391 1372 2455 in
1400 2406 1429 2453 tu
1451 2397 1541 2461 rinna,
1574 2391 1632 2458 alii
1654 2391 1689 2456 in
1717 2397 1850 2462 tintinna,
1873 2391 1931 2457 alii

149 2511 184 2574 in
206 2523 235 2571 ta
264 2516 302 2572 ete
329 2513 549 2578 mutauerant.
594 2509 719 2590 Quibus
746 2512 818 2576 iure
849 2513 967 2598 spretis
995 2509 1285 2578 Reifferscheidius
1313 2529 1427 2576 uocem
1456 2509 1549 2577 obelo
1577 2511 1715 2579 notauit.
1759 2510 1930 2595 Propone:

149 2643 178 2691 ru
192 2637 292 2701 martir,
316 2629 357 2695 de
380 2650 444 2713 quo
466 2627 630 2695 uocabulo
654 2629 870 2698 conferendus
893 2632 958 2697 erit
979 2629 1225 2696 Hildebrandus
1248 2628 1292 2694 ad
1314 2629 1435 2696 Arnob.
1459 2629 1504 2696 IV
1529 2630 1578 2694 18.

301 2782 330 2848 V
352 2784 372 2848 3
394 2743 559 2850 Arnobius
580 2783 722 2850 insulsas
745 2783 951 2852 ethnicorum
971 2785 1011 2852 de
1034 2784 1105 2852 deis
1126 2783 1257 2851 fabulas
1279 2787 1437 2864 recenset,
1467 2789 1500 2850 et
1522 2783 1664 2868 primunr
1687 2784 1818 2869 quidem
1847 2805 1932 2870 quae

150 2904 189 2969 de
212 2902 290 2970 Ioue
313 2900 488 2969 medentur
515 2903 605 2969 credi
634 2924 730 2987 posse
760 2909 871 2988 negat.
920 2908 1011 2978 Quoue
1038 2905 1146 2989 pergit
1175 2925 1251 2990 pag.
1276 2905 1345 2969 116.
1368 2906 1398 2983 4,
1421 2909 1495 2984 quad
1514 2911 1636 2984 sequitur
1656 2909 1737 2978 fidem
1766 2920 1856 2968 sumet
1885 2917 1932 2966 aar

147 3039 203 3087 tam
224 3027 408 3103 improuidam
424 3028 513 3104 fuisse
535 3025 696 3095 Saturnum,
718 3037 748 3086 ut
770 3039 818 3086 aut
840 3048 873 3088 ea
890 3038 1059 3106 proponeret
1080 2997 1196 3104 quarum
1210 3029 1367 3106 auelapibue
1381 3029 1439 3103 ipse
1454 3036 1599 3103 caperetur
1614 3036 1661 3086 aut
1676 3029 1791 3086 necaret
1801 3027 1932 3102 saturum

149 3148 247 3223 quibem
269 3147 365 3205 lutura
386 3164 415 3204 ee
437 3147 524 3205 madir
546 3148 647 3205 0010110
669 3157 737 3208 estet
758 3149 946 3226 calliditasque
967 3150 1106 3208 mortalis?
1149 3142 1294 3208 Primum
1316 3141 1400 3208 illud
1422 3156 1470 3204 aut
1496 3142 1567 3207 sine
1590 3141 1691 3207 dubio
1715 3162 1756 3206 ex
1779 3141 1827 3207 ais
1846 3161 1931 3226 quae

150 3262 370 3329 subsecuntur
400 3266 508 3328 ortum
540 3265 574 3327 01
602 3262 822 3329 inducendum
854 3268 912 3330 001.
956 3263 1174 3330 Nihilominus
1203 3263 1400 3346 interpretes
1432 3261 1571 3327 deloco
1600 3264 1753 3344 corrupto
1782 3260 1931 3326 sanando

151 3383 411 3468 desperauerunt
437 3387 573 3466 praeter
602 3381 922 3464 Reifferscheidium,
953 3384 1045 3451 cuius
1073 3382 1243 3466 ingeniosa
1279 3381 1411 3466 quidem
1440 3386 1491 3446 est
1525 3380 1713 3446 coniectura
1740 3386 1825 3460 quiue
1859 3387 1932 3462 quod

150 3509 274 3583 sequitur
289 3508 376 3582 fidem
397 3506 720 3572 manichaismum
740 3508 778 3569 ut
799 3503 930 3587 longius
959 3525 979 3569 a
1006 3502 1129 3568 codicis
1158 3502 1298 3568 lectione
1326 3499 1469 3566 recedat.
1513 3499 1672 3584 Equidem
1704 3499 1816 3564 malim
1846 3506 1932 3580 quide

151 3628 226 3706 quau
247 3628 367 3704 sequitur
388 3628 461 3685 unde
477 3628 563 3705 prtem
584 3635 684 3686 00000
728 3623 801 3691 Non
822 3644 898 3692 raro
915 3627 1001 3692 enim
1024 3621 1153 3707 singula
1167 3620 1330 3688 uocabula
1344 3621 1379 3689 in
1394 3619 1505 3688 codice
1521 3641 1542 3688 a
1556 3617 1693 3687 librario
1710 3617 1830 3686 omissa
1847 3624 1931 3689 sunt.

882 4089 1198 4168 DRAOONTIUS.

303 4296 342 4361 In
364 4293 570 4381 praefatione
592 4294 621 4378 (I
638 4293 762 4360 17-19
784 4315 859 4379 pag.
885 4295 901 4360 l
925 4295 1048 4379 Duhn.)
1070 4293 1278 4360 horatianum
1300 4293 1497 4358 sententiam
1518 4305 1548 4353 ut
1569 4297 1658 4352 derint
1680 4297 1764 4362 utres,
1788 4306 1877 4354 tamen
1895 4304 1933 4353 est

155 4422 303 4480 laudanda
325 4423 452 4480 uoluntas
473 4415 620 4482 imitatus
642 4415 725 4482 hacc
747 4413 789 4479 ad
811 4413 1014 4480 Felicianum
1036 4414 1285 4496 grammaticum
1307 4412 1456 4496 scripsit:

674 4568 780 4623 Nostra
797 4575 862 4624 uota
880 4575 905 4624 te
918 4585 1064 4639 precamur
1082 4573 1113 4624 ut
1131 4566 1264 4635 secundus,
1281 4566 1387 4634 optime,

670 4657 743 4711 Ante
761 4662 858 4713 cuneta
875 4675 931 4714 non
942 4675 1071 4715 recusans
1086 4657 1155 4712 illud
1172 4657 1230 4726 ipse
1245 4655 1362 4723 pendere

668 4745 734 4806 um
751 4750 800 4804 tua
817 4745 917 4822 puirtte
934 4747 1028 4807 1000100
1045 4751 1130 4804 mente
1148 4744 1194 4802 real
1211 4759 1265 4817 pua
1281 4742 1427 4802 0001000.
