4470 5772
1091 147 1113 215 4

1001 239 1203 250 ——.-..

215 344 253 406 ut
275 339 375 422 aiunt,
397 339 431 406 in
455 359 592 424 corpore
621 337 682 406 uili
709 338 819 406 facere
851 341 1087 422 dubitauimus,
1116 341 1248 427 iamque
1277 343 1319 408 ad
1350 343 1432 410 haec
1462 342 1574 410 studia
1595 343 1653 412 diu
1674 343 1860 412 intermissa
1882 345 1996 430 redeo,

214 483 279 528 non
309 483 373 546 quo
404 481 525 545 magna
551 461 758 545 promittam,
785 461 845 527 sed
871 467 910 526 ut
936 461 971 526 in
998 483 1036 528 co
1065 481 1155 548 agro,
1176 463 1263 530 undo
1291 485 1429 530 messem
1456 463 1666 532 abstulerunt
1692 465 1765 548 alii,
1788 465 1996 552 spicilegium

213 583 380 666 quoddam
400 581 520 647 faciam
548 581 584 646 in
611 601 713 664 eaque
742 601 778 646 re
804 580 928 647 maiore
956 587 1033 647 utar
1061 581 1287 650 moderatione
1316 584 1517 669 melioraque
1544 585 1682 652 consilio
1705 606 1804 671 qnam
1827 607 1892 672 quo
1915 593 1994 654 ante

211 703 274 768 hos
296 703 409 768 decem
430 699 499 766 fere
522 721 626 766 annos
648 700 698 766 uti
720 701 822 785 potui.

365 821 489 904 Fronto
516 841 624 906 pauca
655 842 715 906 pro
745 842 858 887 somno
888 821 1031 902 dixerat,
1061 843 1146 906 quae
1174 823 1303 890 Marcus
1330 823 1452 888 ‘multis
1481 827 1515 890 ει
1547 823 1751 908 elegantibus
1779 826 1994 909 argumentis'

212 941 420 1007 refutauerat
442 941 499 1026 (ci.
522 941 566 1006 ad
587 941 629 1006 M.
654 939 745 1006 Caes.
769 941 786 1006 I
807 943 828 1007 5
849 961 924 1026 pag.
947 940 999 1006 11.
1024 942 1091 1028 20).
1136 943 1224 1022 Quae
1246 943 1350 1010 Marci
1372 963 1480 1028 nugae
1501 943 1559 1008 uix
1580 944 1623 1010 ad
1638 943 1837 1010 Frontonem
1860 945 1995 1011 delatae

213 1063 307 1144 eique
328 1061 477 1128 redditae
501 1065 605 1136 erant,
629 1082 702 1126 oum
723 1061 893 1127 uilissimis
915 1060 1087 1127 blanditiis
1117 1061 1313 1148 discipulum
1340 1063 1509 1144 adulatur,
1539 1068 1577 1128 ut
1602 1063 1777 1148 puerilium
1805 1065 1996 1131 mehercule

214 1181 363 1246 iocorum
384 1179 565 1245 luxurianti
579 1179 751 1262 uarietate,
774 1186 812 1246 ut
827 1183 904 1246 sunt
918 1185 1007 1248 artas
1023 1180 1289 1264 rhetorianorum,
1311 1183 1408 1250 modo
1423 1183 1488 1248 huc
1503 1183 1630 1250 saltitat
1644 1186 1742 1251 modo
1757 1184 1846 1250 illuc.
1883 1185 1996 1269 Atque

211 1301 307 1366 initio
330 1301 462 1384 quidem
485 1299 646 1386 epistulae
675 1323 709 1366 se
738 1301 878 1384 uigilare
905 1299 1053 1366 Marcum
1080 1301 1179 1367 malle
1205 1301 1393 1386 profitetur,
1422 1324 1487 1387 quo
1516 1303 1591 1388 plus
1622 1305 1781 1372 acuminis
1812 1309 1847 1370 et
1867 1305 1995 1389 leporis

213 1419 344 1486 adferat
366 1420 454 1504 (pag.
479 1429 529 1489 ll.
552 1421 618 1506 21),
641 1420 701 1485 sub
724 1419 821 1485 finem
843 1441 878 1486 se
900 1421 1070 1504 postulare
1091 1426 1129 1486 ut
1151 1421 1294 1487 dormiat
1320 1421 1457 1504 iocatur,
1487 1445 1528 1489 ne
1558 1424 1622 1490 sibi
1644 1429 1696 1490 tot
1717 1423 1854 1490 insidias
1876 1445 1995 1490 uersu-

210 1541 355 1606 tissimas
384 1561 507 1624 ponere
536 1541 643 1624 possit
669 1541 758 1625 (pag.
789 1541 837 1608 13.
869 1541 914 1626 3).
958 1541 1028 1606 Iam
1057 1561 1147 1622 uero,
1175 1546 1214 1606 ut
1242 1545 1292 1606 est
1321 1543 1462 1624 mobilis,
1494 1543 1603 1610 addit:
1634 1548 1720 1606 Aliud
1741 1567 1902 1606 scamarum
1923 1567 1995 1624 pro-

210 1667 347 1723 verbium:
370 1684 403 1723 en
418 1685 549 1742 cumque
571 1667 736 1724 intenebris
758 1667 847 1724 mices.
891 1661 936 1724 At
958 1660 998 1725 de
1027 1661 1092 1726 alio
1121 1660 1264 1744 quodam
1293 1683 1482 1728 scurrarum
1504 1662 1681 1747 prouerbio
1710 1662 1794 1728 nihil
1817 1663 1851 1728 in
1875 1662 1995 1728 eadem

212 1782 356 1865 epistula
377 1781 509 1868 legitur,
538 1787 577 1846 ut
602 1785 690 1846 recte
719 1777 931 1844 Heindorfius
958 1779 1077 1846 uitium
1099 1780 1233 1864 aliquod
1254 1781 1289 1846 in
1310 1782 1378 1848 illis
1406 1783 1516 1849 verbis
1546 1783 1650 1849 latere
1678 1781 1863 1848 admoneat.
1907 1781 1994 1848 Nam

210 1901 412 1967 Laeuianum
437 1902 538 1968 illud:
575 1906 651 1964 nuda
682 1883 809 1979 desputo
837 1914 893 1962 tom
919 1903 1052 1960 insidiosa
1062 1899 1086 1982 1)
1112 1920 1172 1964 nec
1204 1901 1419 1984 prouerbium
1455 1908 1507 1968 est
1537 1923 1598 1968 nec
1634 1923 1830 1970 scurrarum.
1883 1903 1994 1981 Quare

211 2022 326 2087 addita
347 2044 413 2088 una
434 2022 585 2088 litterula
607 2021 816 2088 scribendum
838 2039 972 2086 censeo:
1005 2023 1044 2082 At
1069 2025 1133 2082 aide
1160 2043 1321 2084 scurrarum
1345 2027 1533 2102 prouerbium.
1579 2021 1704 2105 Quippe
1727 2043 1762 2088 se
1789 2022 1936 2090 minitari
1958 2027 1995 2087 ct

210 2143 379 2224 postulare
408 2142 536 2225 aliquid
563 2163 584 2206 a
612 2141 742 2207 domino
772 2139 999 2220 simulanerat3
1028 2139 1094 2204 iam
1125 2160 1160 2204 se
1188 2141 1259 2224 ipse
1283 2142 1377 2225 quasi
1400 2142 1630 2225 interpellans:
1654 2146 1698 2223 at,
1715 2142 1771 2223 ait,
1795 2141 1875 2227 quid
1898 2142 1993 2207 dixi?

210 2282 230 2324 a
252 2268 326 2327 tene
348 2263 513 2346 postulari
535 2267 573 2326 ut
594 2262 746 2343 dormias,
769 2283 809 2327 ne
832 2282 936 2326 nouas
958 2259 1039 2325 mihi
1061 2259 1198 2353 insidias
1221 2265 1349 2325 struere
1369 2260 1487 2344 possis,
1512 2265 1597 2340 tene,
1619 2260 1784 2326 hominem
1813 2267 1882 2326 tam
1909 2261 1992 2328 libe-

208 2364 313 2429 ralem
336 2369 368 2429 et
389 2365 587 2446 religiosum,
610 2384 748 2447 quocum
770 2364 803 2428 in
826 2362 972 2429 tenebris
994 2362 1116 2427 micare
1137 2363 1266 2446 possis?
1305 2363 1375 2428 Iam
1397 2363 1519 2428 transit
1541 2363 1584 2429 ad
1599 2363 1800 2429 laudandum
1816 2363 1992 2430 Caesarem

210 2504 310 2568 seque
340 2484 411 2568 ipse
438 2483 687 2549 humiliandum.
732 2483 781 2548 De
808 2483 952 2548 micandi
978 2482 1054 2546 lusu
1084 2481 1123 2549 cf.
1153 2481 1377 2548 Burmannum
1407 2483 1449 2547 ad
1478 2483 1607 2548 Patron.
1636 2504 1662 2546 c.
1683 2483 1726 2548 44
1747 2504 1779 2566 p.
1802 2483 1875 2564 277,
1898 2504 1925 2548 ε.
1947 2485 1992 2546 64
2020 2557 2024 2564 ι

209 2624 285 2686 pag.
308 2604 382 2683 423,
404 2604 603 2688 interpretes
626 2604 669 2668 ad
692 2603 757 2668 cio.
782 2603 822 2668 de
846 2601 898 2668 off.
921 2599 969 2666 III
993 2603 1042 2666 19.
1067 2602 1117 2667 77.

362 2724 401 2789 In
424 2725 565 2808 epistula
586 2724 691 2789 Marci
713 2722 865 2788 Caesaris
887 2722 929 2786 ad
951 2721 1149 2787 Frontonem
1177 2722 1193 2787 I
1222 2721 1242 2786 6
1271 2723 1383 2805 agitur
1405 2723 1445 2788 de
1467 2723 1674 2788 testamentis
1697 2722 1926 2787 defunctorum
1949 2744 1990 2787 ex

209 2845 390 2927 prouinciis
428 2846 658 2911 transmarinis
693 2845 831 2909 Romam
858 2843 1027 2908 mittendis
1056 2843 1099 2908 ad
1126 2843 1347 2925 cognitionem
1377 2841 1537 2907 Caesaris.
1584 2842 1647 2921 Qui
1677 2864 1749 2908 mos
1778 2843 1807 2906 si
1835 2843 1989 2908 inductus

209 2969 310 3044 esset,
337 2965 424 3029 male
447 2965 487 3029 de
517 2965 724 3030 testamentis
748 2962 933 3027 consultum
954 2963 1006 3026 ιιι.
1054 2965 1124 3024 Olim
1140 2970 1232 3042 papir
1254 2963 1341 3045 (pag.
1367 2961 1415 3029 16.
1442 2962 1482 3027 15
1503 2961 1610 3046 Nab.),
1634 2977 1793 3024 testamenta
1815 2985 1850 3024 ea
1875 2969 1990 3024 deorum

207 3089 389 3145 munitissimis
411 3089 524 3146 aedibus
547 3090 762 3165 proferebantur
784 3099 832 3145 out
853 3089 995 3146 tabulariis
1018 3097 1065 3145 cut
1088 3090 1159 3144 ..cis
1182 3089 1263 3160 (brois
1284 3082 1407 3156 Maius,
1437 3087 1511 3144 aras
1537 3079 1831 3165 Hildebrandiusss)
1860 3085 1990 3165 etpost

208 3223 281 3266 eum
303 3201 464 3284 Naberus,
493 3209 572 3267 thecis
594 3203 753 3269 Ernestus
782 3208 878 3287 pater
904 3223 1004 3276 meus,
1017 3202 1044 3286 ³)
1068 3209 1137 3264 cecis
1159 3199 1379 3285 Eussnerus4)
1402 3201 1633 3285 expleuerunt)
1661 3213 1710 3261 aut
1736 3205 1835 3264 aretiis
1857 3215 1905 3261 out
1932 3208 1990 3280 opi-

207 3327 369 3385 stlodcmis:
404 3337 433 3386 at
467 3331 522 3385 iam
548 3338 709 3386 testamenta
737 3347 828 3402 pro..
859 3325 960 3405 (prope
988 3319 1106 3405 Maius)
1135 3345 1169 3383 ro
1179 3367 1303 3387 ........
1320 3323 1348 3406 ⁵)
1378 3328 1536 3400 nauigarint
1570 3327 1642 3383 iuter
1678 3343 1763 3382 onera
1799 3328 1927 3384 mercium
1964 3336 1990 3382 et

208 3449 334 3504 sarcinas
356 3449 495 3522 remigum.
539 3441 589 3506 Ex
610 3443 662 3507 his
685 3447 719 3507 et
741 3463 824 3525 quae
847 3445 1010 3520 secuntur,
1034 3439 1153 3524 quibus
1176 3441 1353 3524 exponitur
1374 3439 1446 3505 fieri
1468 3459 1565 3523 posse
1580 3443 1617 3504 ut
1631 3444 1833 3504 testamenta
1847 3439 1988 3505 nauibus

207 3560 344 3625 Romam
366 3561 503 3626 ferenda
525 3562 560 3626 in
581 3561 689 3626 medio
712 3562 810 3642 mari,
834 3561 863 3624 ei
892 3560 1022 3643 qnando
1051 3561 1142 3624 iactu
1171 3581 1252 3642 opus
1282 3560 1334 3640 sit,
1355 3560 1377 3623 i.
1394 3581 1421 3626 e.
1444 3583 1504 3645 per
1536 3564 1766 3644 tempestatem
1797 3559 1832 3622 in
1861 3580 1986 3624 summo

207 3702 318 3745 rerum
340 3681 538 3763 discrimine,
562 3703 634 3746 cum
655 3681 886 3765 leguminibus,
908 3681 929 3743 i.
954 3701 980 3744 ε.
1004 3701 1077 3743 cum
1099 3679 1199 3744 rebus
1220 3679 1399 3761 uilissimis,
1421 3682 1456 3746 in
1478 3682 1584 3752 undas
1601 3680 1824 3758 demittantur,
1848 3679 1989 3763 adparet

206 3801 261 3883 agi
283 3802 324 3866 de
346 3801 511 3884 periculis,
528 3803 648 3887 quibus
670 3806 868 3866 testamenta
889 3798 1029 3864 nauibus
1050 3799 1224 3864 commissa
1244 3820 1304 3883 per
1325 3799 1432 3882 ipsum
1448 3801 1511 3865 iter
1532 3801 1733 3865 maritimum
1748 3797 1891 3862 obnoxia
1907 3801 1986 3863 sint:

207 3928 265 3987 aut
286 3923 394 4007 perire
416 3944 456 3988 ea
478 3922 635 3988 oneribus
657 3922 814 3987 mercium
838 3926 871 3984 et
893 3918 1031 3984 sarcinis
1053 3917 1219 4000 remigum,
1247 3918 1335 3982 iuter
1358 3940 1442 4002 quae
1464 3919 1600 4001 lateant,
1623 3939 1780 4004 oppressa
1802 3922 1836 3982 et
1859 3917 1986 3998 obruta,

205 4099 471 4110 ffl—

207 4181 400 4251 ueglegcntiae
417 4189 495 4236 recte
513 4182 615 4250 arguit,
633 4181 682 4249 qui
699 4181 800 4248 Angeli
817 4179 876 4234 Mai
895 4179 1084 4235 coniecturam
1103 4176 1242 4247 quandam
1260 4175 1329 4232 mihi
1347 4175 1543 4246 adrogauerim
1562 4180 1635 4248 (pag.
1656 4179 1673 4232 2
1691 4184 1748 4234 not.
1760 4176 1797 4247 4),
1818 4193 1919 4232 cauere
1932 4175 1986 4233 sibi

203 4285 265 4354 ipse
284 4282 413 4352 debebat,
433 4284 481 4351 qui
498 4299 588 4338 meam
606 4281 748 4351 quandam
768 4283 956 4338 coniecturam
975 4281 1022 4350 (cf.
1042 4281 1250 4336 emendationes
1268 4277 1391 4336 fronton.
1409 4297 1473 4350 pag.
1493 4281 1537 4351 73)
1556 4278 1592 4335 ad
1612 4280 1651 4336 Μ.
1671 4280 1749 4336 Gaea.
1767 4280 1793 4335 V
1810 4279 1848 4333 LI
1870 4280 1905 4335 66
1922 4295 1985 4350 pag.

204 4387 246 4455 91,
264 4389 281 4442 2
298 4387 371 4444 Nab.
390 4401 442 4456 pro
461 4402 513 4441 sua
530 4383 730 4443 uenditaucrit.
766 4387 991 4456 compensemus.

359 4491 377 4552 ¹)
397 4488 466 4542 Loci
490 4488 621 4557 lacoiaui,
643 4488 673 4541 id
698 4489 772 4556 quod
795 4489 922 4544 homines
948 4489 1046 4544 doctos
1065 4487 1171 4556 fugisse
1189 4487 1310 4555 uidetur,
1328 4489 1388 4544 sine
1407 4485 1492 4542 dubio
1516 4485 1641 4540 meminit
1658 4484 1795 4554 Apuleius
1812 4485 1932 4556 Apolog.
1949 4486 1982 4542 81

204 4608 268 4661 pag.
285 4592 329 4646 90.
347 4573 392 4658 16}
407 4605 584 4659 quamquam,
607 4594 639 4644 ιιι
662 4591 781 4660 adsolet,
806 4607 841 4646 ex
863 4591 974 4660 ingenio
993 4591 1196 4658 aliquantulum
1215 4590 1256 4645 ita
1274 4592 1404 4646 mutavit:
1428 4589 1576 4644 versutiam
1600 4595 1656 4644 tam
1672 4589 1839 4644 insidiosam.
1856 4618 1890 4630 —
1907 4591 1929 4654 ²)
1948 4589 1984 4644 ad

205 4695 307 4764 Apulei
326 4693 428 4748 librum
447 4692 482 4747 de
500 4694 591 4761 magia
609 4693 643 4748 89
660 4711 724 4764 pag.
743 4696 804 4750 612.
821 4721 855 4734 -
873 4694 894 4761 ³)
913 4693 1050 4760 Philolog.
1068 4694 1103 4748 27
1115 4708 1178 4762 pag.
1191 4695 1250 4752 240.
1265 4723 1296 4732 -
1313 4696 1336 4764 ⁴)
1355 4694 1384 4748 in
1402 4695 1476 4752 Mus.
1488 4693 1566 4750 rhen.
1579 4695 1613 4752 25
1624 4710 1687 4764 pag.
1708 4696 1769 4752 542.
1786 4723 1821 4734 —-
1842 4693 1863 4762 ⁶)
1876 4693 1984 4763 ‘supple

203 4779 267 4851 octo
286 4795 344 4849 lere
363 4796 481 4850 litteras’
501 4796 602 4854 Maius.
1215 4826 1217 4832 v
