<?xml version="1.0" encoding="UTF-8"?>
<!DOCTYPE html PUBLIC "-//W3C//DTD XHTML 1.0 Transitional//EN"
    "http://www.w3.org/TR/xhtml1/DTD/xhtml1-transitional.dtd">
<html xmlns="http://www.w3.org/1999/xhtml" xml:lang="en" lang="en">
 <head>
  <title>
</title>
<meta http-equiv="Content-Type" content="text/html;charset=utf-8" />
  <meta name='ocr-system' content='tesseract 3.04.00' />
  <meta name='ocr-capabilities' content='ocr_page ocr_carea ocr_par ocr_line ocrx_word'/>
</head>
<body>
  <div class='ocr_page' id='page_1' title='image "./curaeafricanae00klusgoog_0008.png"; bbox 0 0 4470 5772; ppageno 0'>
   <div class='ocr_carea' id='block_1_1' title="bbox 805 1831 1419 1994">
    <p class='ocr_par' dir='ltr' id='par_1_1' title="bbox 805 1831 1419 1994">
     <span class='ocr_line' id='line_1_1' title="bbox 805 1831 1419 1994; baseline -0.011 -42"><span class='ocrx_word' id='word_1_1' title='bbox 805 1835 1026 1994; x_wconf 23' lang='lat' dir='ltr'><strong>,ousia</strong></span> <span class='ocrx_word' id='word_1_2' title='bbox 1063 1831 1419 1950; x_wconf 77' lang='lat' dir='ltr'><strong>lanicium.</strong></span> 
     </span>
    </p>
   </div>
   <div class='ocr_carea' id='block_1_2' title="bbox 1056 2099 1182 2110">
    <p class='ocr_par' dir='ltr' id='par_1_2' title="bbox 1056 2099 1182 2110">
     <span class='ocr_line' id='line_1_2' title="bbox 1056 2099 1182 2110; baseline 0.008 -1"><span class='ocrx_word' id='word_1_3' title='bbox 1056 2099 1182 2110; x_wconf 56' lang='grc' dir='ltr'>...ι-ιιι·-</span> 
     </span>
    </p>
   </div>
   <div class='ocr_carea' id='block_1_3' title="bbox 993 2288 1240 2366">
    <p class='ocr_par' dir='ltr' id='par_1_3' title="bbox 993 2288 1240 2366">
     <span class='ocr_line' id='line_1_3' title="bbox 993 2288 1240 2366; baseline -0.012 0"><span class='ocrx_word' id='word_1_4' title='bbox 993 2288 1240 2366; x_wconf 82' lang='lat' dir='ltr'><strong>FRONTO.</strong></span> 
     </span>
    </p>
   </div>
   <div class='ocr_carea' id='block_1_4' title="bbox 387 2453 2011 2580">
    <p class='ocr_par' dir='ltr' id='par_1_4' title="bbox 387 2453 2011 2580">
     <span class='ocr_line' id='line_1_4' title="bbox 387 2453 2011 2580; baseline -0.001 -16"><span class='ocrx_word' id='word_1_5' title='bbox 387 2453 436 2564; x_wconf 83' lang='lat' dir='ltr'><strong>ln</strong></span> <span class='ocrx_word' id='word_1_6' title='bbox 459 2503 552 2561; x_wconf 80' lang='lat' dir='ltr'><strong>Marci</strong></span> <span class='ocrx_word' id='word_1_7' title='bbox 587 2498 697 2558; x_wconf 79' lang='lat' dir='ltr'><strong>Corneli</strong></span> <span class='ocrx_word' id='word_1_8' title='bbox 718 2499 868 2558; x_wconf 76' lang='lat' dir='ltr'><strong>Frontonis</strong></span> <span class='ocrx_word' id='word_1_9' title='bbox 899 2494 957 2580; x_wconf 92' lang='lat' dir='ltr'><strong>qui</strong></span> <span class='ocrx_word' id='word_1_10' title='bbox 980 2497 1114 2560; x_wconf 89' lang='lat' dir='ltr'><strong>exstant</strong></span> <span class='ocrx_word' id='word_1_11' title='bbox 1134 2491 1229 2558; x_wconf 91' lang='lat' dir='ltr'><strong>libris</strong></span> <span class='ocrx_word' id='word_1_12' title='bbox 1250 2490 1457 2558; x_wconf 87' lang='lat' dir='ltr'><strong>recensendis</strong></span> <span class='ocrx_word' id='word_1_13' title='bbox 1479 2492 1591 2560; x_wconf 89' lang='lat' dir='ltr'><strong>nescio</strong></span> <span class='ocrx_word' id='word_1_14' title='bbox 1614 2514 1657 2558; x_wconf 89' lang='lat' dir='ltr'><strong>an</strong></span> <span class='ocrx_word' id='word_1_15' title='bbox 1680 2492 1802 2578; x_wconf 82' lang='lat' dir='ltr'><strong>duplex</strong></span> <span class='ocrx_word' id='word_1_16' title='bbox 1824 2497 2011 2580; x_wconf 86' lang='lat' dir='ltr'><strong>superanda</strong></span> 
     </span>
    </p>
   </div>
   <div class='ocr_carea' id='block_1_5' title="bbox 204 2620 2015 4266">
    <p class='ocr_par' dir='ltr' id='par_1_5' title="bbox 204 2620 2015 4266">
     <span class='ocr_line' id='line_1_5' title="bbox 227 2620 2010 2708; baseline -0.003 -13"><span class='ocrx_word' id='word_1_17' title='bbox 227 2631 277 2696; x_wconf 89' lang='lat' dir='ltr'><strong>sit</strong></span> <span class='ocrx_word' id='word_1_18' title='bbox 299 2627 488 2693; x_wconf 85' lang='lat' dir='ltr'><strong>difficultas.</strong></span> <span class='ocrx_word' id='word_1_19' title='bbox 532 2624 641 2708; x_wconf 80' lang='lat' dir='ltr'><strong>Atque</strong></span> <span class='ocrx_word' id='word_1_20' title='bbox 663 2622 805 2706; x_wconf 93' lang='lat' dir='ltr'><strong>primum</strong></span> <span class='ocrx_word' id='word_1_21' title='bbox 828 2623 961 2707; x_wconf 90' lang='lat' dir='ltr'><strong>quidem</strong></span> <span class='ocrx_word' id='word_1_22' title='bbox 983 2622 1087 2687; x_wconf 86' lang='lat' dir='ltr'>codex</span> <span class='ocrx_word' id='word_1_23' title='bbox 1108 2621 1298 2704; x_wconf 87' lang='lat' dir='ltr'><strong>rescriptus‚</strong></span> <span class='ocrx_word' id='word_1_24' title='bbox 1321 2620 1356 2684; x_wconf 91' lang='lat' dir='ltr'><strong>in</strong></span> <span class='ocrx_word' id='word_1_25' title='bbox 1379 2641 1443 2704; x_wconf 93' lang='lat' dir='ltr'><strong>quo</strong></span> <span class='ocrx_word' id='word_1_26' title='bbox 1472 2620 1579 2688; x_wconf 89' lang='lat' dir='ltr'><strong>latent</strong></span> <span class='ocrx_word' id='word_1_27' title='bbox 1599 2621 1704 2706; x_wconf 81' lang='lat' dir='ltr'><strong>magis</strong></span> <span class='ocrx_word' id='word_1_28' title='bbox 1726 2643 1826 2706; x_wconf 88' lang='lat' dir='ltr'><strong>quarn</strong></span> <span class='ocrx_word' id='word_1_29' title='bbox 1847 2624 2010 2708; x_wconf 81' lang='lat' dir='ltr'><strong>leguntur,</strong></span> 
     </span>
     <span class='ocr_line' id='line_1_6' title="bbox 225 2741 2010 2826; baseline -0.004 -10"><span class='ocrx_word' id='word_1_30' title='bbox 225 2755 300 2816; x_wconf 88' lang='lat' dir='ltr'><strong>tam</strong></span> <span class='ocrx_word' id='word_1_31' title='bbox 322 2748 408 2814; x_wconf 89' lang='lat' dir='ltr'><strong>malo</strong></span> <span class='ocrx_word' id='word_1_32' title='bbox 430 2748 594 2812; x_wconf 87' lang='lat' dir='ltr'><strong>tractatus</strong></span> <span class='ocrx_word' id='word_1_33' title='bbox 617 2747 677 2823; x_wconf 92' lang='lat' dir='ltr'><strong>est,</strong></span> <span class='ocrx_word' id='word_1_34' title='bbox 699 2747 737 2808; x_wconf 91' lang='lat' dir='ltr'><strong>ut</strong></span> <span class='ocrx_word' id='word_1_35' title='bbox 759 2747 850 2808; x_wconf 88' lang='lat' dir='ltr'><strong>totae</strong></span> <span class='ocrx_word' id='word_1_36' title='bbox 871 2742 962 2808; x_wconf 87' lang='lat' dir='ltr'><strong>haud</strong></span> <span class='ocrx_word' id='word_1_37' title='bbox 983 2761 1059 2806; x_wconf 90' lang='lat' dir='ltr'><strong>raro</strong></span> <span class='ocrx_word' id='word_1_38' title='bbox 1081 2741 1222 2826; x_wconf 81' lang='lat' dir='ltr'>paginae</span> <span class='ocrx_word' id='word_1_39' title='bbox 1243 2761 1324 2824; x_wconf 88' lang='lat' dir='ltr'><strong>prae</strong></span> <span class='ocrx_word' id='word_1_40' title='bbox 1346 2741 1488 2823; x_wconf 79' lang='lat' dir='ltr'><strong>nigrore,</strong></span> <span class='ocrx_word' id='word_1_41' title='bbox 1511 2761 1608 2825; x_wconf 90' lang='lat' dir='ltr'><strong>quem</strong></span> <span class='ocrx_word' id='word_1_42' title='bbox 1630 2763 1672 2807; x_wconf 89' lang='lat' dir='ltr'><strong>cx</strong></span> <span class='ocrx_word' id='word_1_43' title='bbox 1693 2743 1829 2808; x_wconf 89' lang='lat' dir='ltr'><strong>uenenis</strong></span> <span class='ocrx_word' id='word_1_44' title='bbox 1851 2742 2010 2809; x_wconf 83' lang='lat' dir='ltr'><strong>adhibitis</strong></span> 
     </span>
     <span class='ocr_line' id='line_1_7' title="bbox 227 2859 2010 2948; baseline -0.002 -14"><span class='ocrx_word' id='word_1_45' title='bbox 227 2869 416 2947; x_wconf 84' lang='lat' dir='ltr'><strong>traxerunt,</strong></span> <span class='ocrx_word' id='word_1_46' title='bbox 447 2861 642 2930; x_wconf 90' lang='lat' dir='ltr'><strong>cuanuerint</strong></span> <span class='ocrx_word' id='word_1_47' title='bbox 670 2883 729 2927; x_wconf 86' lang='lat' dir='ltr'><strong>nec</strong></span> <span class='ocrx_word' id='word_1_48' title='bbox 758 2861 935 2946; x_wconf 83' lang='lat' dir='ltr'><strong>quidquam</strong></span> <span class='ocrx_word' id='word_1_49' title='bbox 962 2882 1091 2942; x_wconf 90' lang='lat' dir='ltr'><strong>eorum,</strong></span> <span class='ocrx_word' id='word_1_50' title='bbox 1121 2880 1206 2946; x_wconf 89' lang='lat' dir='ltr'><strong>quae</strong></span> <span class='ocrx_word' id='word_1_51' title='bbox 1234 2859 1312 2926; x_wconf 91' lang='lat' dir='ltr'><strong>clim</strong></span> <span class='ocrx_word' id='word_1_52' title='bbox 1339 2860 1375 2924; x_wconf 91' lang='lat' dir='ltr'><strong>in</strong></span> <span class='ocrx_word' id='word_1_53' title='bbox 1403 2860 1451 2926; x_wconf 88' lang='lat' dir='ltr'><strong>eis</strong></span> <span class='ocrx_word' id='word_1_54' title='bbox 1481 2861 1606 2944; x_wconf 88' lang='lat' dir='ltr'><strong>scripta</strong></span> <span class='ocrx_word' id='word_1_55' title='bbox 1631 2860 1780 2943; x_wconf 86' lang='lat' dir='ltr'><strong>inerunt,</strong></span> <span class='ocrx_word' id='word_1_56' title='bbox 1803 2864 1874 2930; x_wconf 86' lang='lat' dir='ltr'><strong>erui</strong></span> <span class='ocrx_word' id='word_1_57' title='bbox 1896 2864 2010 2948; x_wconf 86' lang='lat' dir='ltr'><strong>possit,</strong></span> 
     </span>
     <span class='ocr_line' id='line_1_8' title="bbox 226 2979 2012 3074; baseline -0.001 -21"><span class='ocrx_word' id='word_1_58' title='bbox 226 2991 367 3074; x_wconf 84' lang='lat' dir='ltr'><strong>praeter</strong></span> <span class='ocrx_word' id='word_1_59' title='bbox 389 3006 487 3069; x_wconf 89' lang='lat' dir='ltr'><strong>quam</strong></span> <span class='ocrx_word' id='word_1_60' title='bbox 510 2982 598 3066; x_wconf 92' lang='lat' dir='ltr'><strong>quod</strong></span> <span class='ocrx_word' id='word_1_61' title='bbox 619 2983 684 3068; x_wconf 85' lang='lat' dir='ltr'><strong>ipsi</strong></span> <span class='ocrx_word' id='word_1_62' title='bbox 703 2981 783 3048; x_wconf 91' lang='lat' dir='ltr'><strong>libri</strong></span> <span class='ocrx_word' id='word_1_63' title='bbox 804 2979 958 3064; x_wconf 76' lang='lat' dir='ltr'><strong>rescripti</strong></span> <span class='ocrx_word' id='word_1_64' title='bbox 980 2986 1049 3048; x_wconf 85' lang='lat' dir='ltr'><strong>tam</strong></span> <span class='ocrx_word' id='word_1_65' title='bbox 1072 2979 1192 3046; x_wconf 82' lang='lat' dir='ltr'><strong>dubiae</strong></span> <span class='ocrx_word' id='word_1_66' title='bbox 1213 2979 1359 3046; x_wconf 83' lang='lat' dir='ltr'><strong>lecturas</strong></span> <span class='ocrx_word' id='word_1_67' title='bbox 1382 2999 1454 3046; x_wconf 85' lang='lat' dir='ltr'><strong>esse</strong></span> <span class='ocrx_word' id='word_1_68' title='bbox 1476 2979 1597 3062; x_wconf 89' lang='lat' dir='ltr'><strong>solent,</strong></span> <span class='ocrx_word' id='word_1_69' title='bbox 1625 2985 1664 3046; x_wconf 98' lang='grc' dir='ltr'><strong>ιιι</strong></span> <span class='ocrx_word' id='word_1_70' title='bbox 1684 2982 1795 3048; x_wconf 86' lang='lat' dir='ltr'><strong>nescio</strong></span> <span class='ocrx_word' id='word_1_71' title='bbox 1818 2984 1892 3067; x_wconf 90' lang='lat' dir='ltr'><strong>quis</strong></span> <span class='ocrx_word' id='word_1_72' title='bbox 1913 2984 2012 3052; x_wconf 91' lang='lat' dir='ltr'><strong>homo</strong></span> 
     </span>
     <span class='ocr_line' id='line_1_9' title="bbox 223 3098 2014 3187; baseline 0.001 -17"><span class='ocrx_word' id='word_1_73' title='bbox 223 3107 348 3172; x_wconf 90' lang='lat' dir='ltr'><strong>doctus</strong></span> <span class='ocrx_word' id='word_1_74' title='bbox 370 3126 436 3170; x_wconf 92' lang='lat' dir='ltr'><strong>non</strong></span> <span class='ocrx_word' id='word_1_75' title='bbox 457 3123 533 3169; x_wconf 84' lang='lat' dir='ltr'><strong>raro</strong></span> <span class='ocrx_word' id='word_1_76' title='bbox 557 3100 772 3168; x_wconf 80' lang='lat' dir='ltr'><strong>dimnandum</strong></span> <span class='ocrx_word' id='word_1_77' title='bbox 795 3121 865 3166; x_wconf 90' lang='lat' dir='ltr'><strong>esse</strong></span> <span class='ocrx_word' id='word_1_78' title='bbox 888 3099 1024 3180; x_wconf 78' lang='lat' dir='ltr'><strong>dixerit,</strong></span> <span class='ocrx_word' id='word_1_79' title='bbox 1048 3120 1133 3183; x_wconf 89' lang='lat' dir='ltr'><strong>quae</strong></span> <span class='ocrx_word' id='word_1_80' title='bbox 1155 3099 1320 3166; x_wconf 89' lang='lat' dir='ltr'><strong>sententis</strong></span> <span class='ocrx_word' id='word_1_81' title='bbox 1343 3098 1491 3164; x_wconf 89' lang='lat' dir='ltr'><strong>obscuris</strong></span> <span class='ocrx_word' id='word_1_82' title='bbox 1512 3099 1594 3166; x_wconf 87' lang='lat' dir='ltr'><strong>loeis</strong></span> <span class='ocrx_word' id='word_1_83' title='bbox 1617 3100 1734 3182; x_wconf 82' lang='lat' dir='ltr'><strong>subsit,</strong></span> <span class='ocrx_word' id='word_1_84' title='bbox 1755 3103 1948 3187; x_wconf 85' lang='lat' dir='ltr'><strong>priusquam</strong></span> <span class='ocrx_word' id='word_1_85' title='bbox 1970 3106 2014 3172; x_wconf 90' lang='lat' dir='ltr'><strong>ad</strong></span> 
     </span>
     <span class='ocr_line' id='line_1_10' title="bbox 220 3217 2012 3307; baseline 0 -15"><span class='ocrx_word' id='word_1_86' title='bbox 220 3223 377 3307; x_wconf 84' lang='lat' dir='ltr'><strong>singulas</strong></span> <span class='ocrx_word' id='word_1_87' title='bbox 405 3224 534 3290; x_wconf 85' lang='lat' dir='ltr'><strong>litteras</strong></span> <span class='ocrx_word' id='word_1_88' title='bbox 564 3226 598 3288; x_wconf 90' lang='lat' dir='ltr'><strong>et</strong></span> <span class='ocrx_word' id='word_1_89' title='bbox 627 3240 724 3288; x_wconf 85' lang='lat' dir='ltr'><strong>voces</strong></span> <span class='ocrx_word' id='word_1_90' title='bbox 751 3219 908 3302; x_wconf 82' lang='lat' dir='ltr'><strong>legendas</strong></span> <span class='ocrx_word' id='word_1_91' title='bbox 935 3223 969 3284; x_wconf 90' lang='lat' dir='ltr'><strong>et</strong></span> <span class='ocrx_word' id='word_1_92' title='bbox 997 3217 1230 3284; x_wconf 87' lang='lat' dir='ltr'><strong>exscribendas</strong></span> <span class='ocrx_word' id='word_1_93' title='bbox 1259 3217 1415 3284; x_wconf 87' lang='lat' dir='ltr'><strong>accedere</strong></span> <span class='ocrx_word' id='word_1_94' title='bbox 1436 3218 1554 3304; x_wconf 86' lang='lat' dir='ltr'><strong>possis.</strong></span> <span class='ocrx_word' id='word_1_95' title='bbox 1597 3220 1722 3286; x_wconf 86' lang='lat' dir='ltr'><strong>Maium</strong></span> <span class='ocrx_word' id='word_1_96' title='bbox 1750 3223 1894 3290; x_wconf 88' lang='lat' dir='ltr'><strong>correxit</strong></span> <span class='ocrx_word' id='word_1_97' title='bbox 1914 3223 2012 3292; x_wconf 87' lang='lat' dir='ltr'><strong>homo</strong></span> 
     </span>
     <span class='ocr_line' id='line_1_11' title="bbox 218 3336 2011 3430; baseline -0.001 -18"><span class='ocrx_word' id='word_1_98' title='bbox 218 3346 372 3412; x_wconf 88' lang='lat' dir='ltr'><strong>batauus</strong></span> <span class='ocrx_word' id='word_1_99' title='bbox 388 3341 587 3422; x_wconf 87' lang='lat' dir='ltr'><strong>GNduRieu,</strong></span> <span class='ocrx_word' id='word_1_100' title='bbox 608 3340 696 3407; x_wconf 88' lang='lat' dir='ltr'><strong>hunc</strong></span> <span class='ocrx_word' id='word_1_101' title='bbox 713 3339 957 3430; x_wconf 83' lang='lat' dir='ltr'><strong>Studemundus</strong></span> <span class='ocrx_word' id='word_1_102' title='bbox 978 3337 1073 3424; x_wconf 89' lang='lat' dir='ltr'><strong>isque</strong></span> <span class='ocrx_word' id='word_1_103' title='bbox 1088 3342 1184 3402; x_wconf 87' lang='lat' dir='ltr'><strong>tanta</strong></span> <span class='ocrx_word' id='word_1_104' title='bbox 1199 3357 1277 3402; x_wconf 87' lang='lat' dir='ltr'><strong>cura</strong></span> <span class='ocrx_word' id='word_1_105' title='bbox 1292 3342 1326 3404; x_wconf 90' lang='lat' dir='ltr'><strong>et</strong></span> <span class='ocrx_word' id='word_1_106' title='bbox 1341 3336 1521 3420; x_wconf 84' lang='lat' dir='ltr'><strong>diligentia,</strong></span> <span class='ocrx_word' id='word_1_107' title='bbox 1543 3342 1582 3404; x_wconf 90' lang='lat' dir='ltr'><strong>ut</strong></span> <span class='ocrx_word' id='word_1_108' title='bbox 1595 3339 1660 3404; x_wconf 91' lang='lat' dir='ltr'><strong>nisi</strong></span> <span class='ocrx_word' id='word_1_109' title='bbox 1674 3339 1773 3424; x_wconf 88' lang='lat' dir='ltr'><strong>plane</strong></span> <span class='ocrx_word' id='word_1_110' title='bbox 1790 3347 1900 3410; x_wconf 87' lang='lat' dir='ltr'><strong>certus</strong></span> <span class='ocrx_word' id='word_1_111' title='bbox 1915 3350 2011 3426; x_wconf 83' lang='lat' dir='ltr'><strong>esset,</strong></span> 
     </span>
     <span class='ocr_line' id='line_1_12' title="bbox 214 3456 2013 3547; baseline -0.001 -16"><span class='ocrx_word' id='word_1_112' title='bbox 214 3487 258 3534; x_wconf 90' lang='lat' dir='ltr'><strong>se</strong></span> <span class='ocrx_word' id='word_1_113' title='bbox 292 3461 448 3528; x_wconf 83' lang='lat' dir='ltr'><strong>dubitare</strong></span> <span class='ocrx_word' id='word_1_114' title='bbox 474 3460 695 3547; x_wconf 86' lang='lat' dir='ltr'><strong>profiteretur.</strong></span> <span class='ocrx_word' id='word_1_115' title='bbox 746 3459 816 3524; x_wconf 87' lang='lat' dir='ltr'><strong>Iam</strong></span> <span class='ocrx_word' id='word_1_116' title='bbox 837 3462 875 3524; x_wconf 91' lang='lat' dir='ltr'><strong>ut</strong></span> <span class='ocrx_word' id='word_1_117' title='bbox 902 3459 938 3522; x_wconf 91' lang='lat' dir='ltr'><strong>in</strong></span> <span class='ocrx_word' id='word_1_118' title='bbox 965 3457 1022 3540; x_wconf 90' lang='lat' dir='ltr'><strong>eis,</strong></span> <span class='ocrx_word' id='word_1_119' title='bbox 1050 3477 1134 3540; x_wconf 91' lang='lat' dir='ltr'><strong>qnae</strong></span> <span class='ocrx_word' id='word_1_120' title='bbox 1164 3456 1408 3524; x_wconf 83' lang='lat' dir='ltr'><strong>Studemundus</strong></span> <span class='ocrx_word' id='word_1_121' title='bbox 1438 3457 1598 3541; x_wconf 83' lang='lat' dir='ltr'><strong>dispexit,</strong></span> <span class='ocrx_word' id='word_1_122' title='bbox 1626 3479 1762 3526; x_wconf 89' lang='lat' dir='ltr'><strong>securus</strong></span> <span class='ocrx_word' id='word_1_123' title='bbox 1797 3461 2013 3546; x_wconf 78' lang='lat' dir='ltr'><strong>adquiescere</strong></span> 
     </span>
     <span class='ocr_line' id='line_1_13' title="bbox 211 3575 2014 3671; baseline -0.001 -18"><span class='ocrx_word' id='word_1_124' title='bbox 211 3583 353 3671; x_wconf 76' lang='lat' dir='ltr'><strong>possiS,</strong></span> <span class='ocrx_word' id='word_1_125' title='bbox 375 3581 542 3646; x_wconf 87' lang='lat' dir='ltr'><strong>minimam</strong></span> <span class='ocrx_word' id='word_1_126' title='bbox 570 3580 668 3646; x_wconf 93' lang='lat' dir='ltr'><strong>homo</strong></span> <span class='ocrx_word' id='word_1_127' title='bbox 692 3579 902 3645; x_wconf 89' lang='lat' dir='ltr'><strong>doctissimus</strong></span> <span class='ocrx_word' id='word_1_128' title='bbox 931 3576 1091 3642; x_wconf 88' lang='lat' dir='ltr'><strong>librorum</strong></span> <span class='ocrx_word' id='word_1_129' title='bbox 1122 3575 1407 3642; x_wconf 83' lang='lat' dir='ltr'><strong>frontonianorum</strong></span> <span class='ocrx_word' id='word_1_130' title='bbox 1433 3581 1561 3662; x_wconf 88' lang='lat' dir='ltr'><strong>partem</strong></span> <span class='ocrx_word' id='word_1_131' title='bbox 1592 3578 1724 3662; x_wconf 81' lang='lat' dir='ltr'><strong>relegit,</strong></span> <span class='ocrx_word' id='word_1_132' title='bbox 1757 3584 1796 3646; x_wconf 91' lang='lat' dir='ltr'><strong>ut</strong></span> <span class='ocrx_word' id='word_1_133' title='bbox 1822 3581 1863 3648; x_wconf 88' lang='lat' dir='ltr'><strong>de</strong></span> <span class='ocrx_word' id='word_1_134' title='bbox 1895 3584 2014 3652; x_wconf 86' lang='lat' dir='ltr'><strong>ceteris</strong></span> 
     </span>
     <span class='ocr_line' id='line_1_14' title="bbox 212 3693 2015 3788; baseline -0.001 -16"><span class='ocrx_word' id='word_1_135' title='bbox 212 3701 413 3788; x_wconf 86' lang='lat' dir='ltr'><strong>aliquando</strong></span> <span class='ocrx_word' id='word_1_136' title='bbox 438 3697 649 3766; x_wconf 85' lang='lat' dir='ltr'><strong>subdubitari</strong></span> <span class='ocrx_word' id='word_1_137' title='bbox 669 3698 779 3764; x_wconf 89' lang='lat' dir='ltr'><strong>liccat.</strong></span> <span class='ocrx_word' id='word_1_138' title='bbox 823 3697 939 3764; x_wconf 89' lang='lat' dir='ltr'><strong>Altera</strong></span> <span class='ocrx_word' id='word_1_139' title='bbox 960 3693 1137 3762; x_wconf 88' lang='lat' dir='ltr'><strong>difficultas</strong></span> <span class='ocrx_word' id='word_1_140' title='bbox 1159 3694 1192 3760; x_wconf 89' lang='lat' dir='ltr'><strong>in</strong></span> <span class='ocrx_word' id='word_1_141' title='bbox 1215 3695 1287 3780; x_wconf 90' lang='lat' dir='ltr'><strong>ipso</strong></span> <span class='ocrx_word' id='word_1_142' title='bbox 1308 3695 1472 3762; x_wconf 87' lang='lat' dir='ltr'><strong>Frontone</strong></span> <span class='ocrx_word' id='word_1_143' title='bbox 1492 3702 1552 3764; x_wconf 85' lang='lat' dir='ltr'><strong>est</strong></span> <span class='ocrx_word' id='word_1_144' title='bbox 1588 3697 1621 3764; x_wconf 91' lang='lat' dir='ltr'><strong>Is</strong></span> <span class='ocrx_word' id='word_1_145' title='bbox 1645 3699 1740 3781; x_wconf 90' lang='lat' dir='ltr'><strong>enim,</strong></span> <span class='ocrx_word' id='word_1_146' title='bbox 1761 3705 1801 3764; x_wconf 90' lang='lat' dir='ltr'><strong>ut</strong></span> <span class='ocrx_word' id='word_1_147' title='bbox 1819 3702 2015 3786; x_wconf 84' lang='lat' dir='ltr'><strong>aequalibus</strong></span> 
     </span>
     <span class='ocr_line' id='line_1_15' title="bbox 208 3813 2015 3912; baseline 0.002 -26"><span class='ocrx_word' id='word_1_148' title='bbox 208 3843 334 3912; x_wconf 86' lang='lat' dir='ltr'><strong>prope</strong></span> <span class='ocrx_word' id='word_1_149' title='bbox 362 3819 494 3886; x_wconf 91' lang='lat' dir='ltr'><strong>diuinus</strong></span> <span class='ocrx_word' id='word_1_150' title='bbox 526 3824 560 3884; x_wconf 93' lang='lat' dir='ltr'><strong>et</strong></span> <span class='ocrx_word' id='word_1_151' title='bbox 591 3817 734 3902; x_wconf 84' lang='lat' dir='ltr'><strong>scriptor</strong></span> <span class='ocrx_word' id='word_1_152' title='bbox 763 3821 797 3882; x_wconf 89' lang='lat' dir='ltr'><strong>et</strong></span> <span class='ocrx_word' id='word_1_153' title='bbox 824 3820 937 3882; x_wconf 89' lang='lat' dir='ltr'><strong>orator</strong></span> <span class='ocrx_word' id='word_1_154' title='bbox 967 3815 1060 3882; x_wconf 88' lang='lat' dir='ltr'><strong>uisus</strong></span> <span class='ocrx_word' id='word_1_155' title='bbox 1091 3818 1151 3895; x_wconf 88' lang='lat' dir='ltr'><strong>est,</strong></span> <span class='ocrx_word' id='word_1_156' title='bbox 1180 3813 1239 3895; x_wconf 87' lang='lat' dir='ltr'><strong>ita,</strong></span> <span class='ocrx_word' id='word_1_157' title='bbox 1267 3834 1308 3880; x_wconf 87' lang='lat' dir='ltr'><strong>ex</strong></span> <span class='ocrx_word' id='word_1_158' title='bbox 1340 3835 1404 3898; x_wconf 91' lang='lat' dir='ltr'><strong>quo</strong></span> <span class='ocrx_word' id='word_1_159' title='bbox 1433 3816 1504 3882; x_wconf 84' lang='lat' dir='ltr'><strong>cius</strong></span> <span class='ocrx_word' id='word_1_160' title='bbox 1525 3814 1603 3882; x_wconf 91' lang='lat' dir='ltr'><strong>libri</strong></span> <span class='ocrx_word' id='word_1_161' title='bbox 1625 3837 1665 3882; x_wconf 87' lang='lat' dir='ltr'><strong>ex</strong></span> <span class='ocrx_word' id='word_1_162' title='bbox 1684 3818 1831 3886; x_wconf 89' lang='lat' dir='ltr'><strong>tenebris</strong></span> <span class='ocrx_word' id='word_1_163' title='bbox 1852 3821 1886 3886; x_wconf 90' lang='lat' dir='ltr'><strong>in</strong></span> <span class='ocrx_word' id='word_1_164' title='bbox 1908 3821 2015 3890; x_wconf 84' lang='lat' dir='ltr'><strong>lucem</strong></span> 
     </span>
     <span class='ocr_line' id='line_1_16' title="bbox 208 3933 2015 4026; baseline -0.001 -15"><span class='ocrx_word' id='word_1_165' title='bbox 208 3943 306 4012; x_wconf 90' lang='lat' dir='ltr'><strong>editi</strong></span> <span class='ocrx_word' id='word_1_166' title='bbox 337 3944 424 4022; x_wconf 86' lang='lat' dir='ltr'><strong>sunt,</strong></span> <span class='ocrx_word' id='word_1_167' title='bbox 454 3936 591 4024; x_wconf 87' lang='lat' dir='ltr'><strong>puerilis</strong></span> <span class='ocrx_word' id='word_1_168' title='bbox 623 3942 657 4002; x_wconf 89' lang='lat' dir='ltr'><strong>ct</strong></span> <span class='ocrx_word' id='word_1_169' title='bbox 683 3937 813 4020; x_wconf 92' lang='lat' dir='ltr'><strong>ineptus</strong></span> <span class='ocrx_word' id='word_1_170' title='bbox 846 3940 879 4000; x_wconf 89' lang='lat' dir='ltr'><strong>ct</strong></span> <span class='ocrx_word' id='word_1_171' title='bbox 908 3935 1051 4000; x_wconf 88' lang='lat' dir='ltr'><strong>insulsus</strong></span> <span class='ocrx_word' id='word_1_172' title='bbox 1077 3934 1185 4000; x_wconf 89' lang='lat' dir='ltr'><strong>uideri</strong></span> <span class='ocrx_word' id='word_1_173' title='bbox 1212 3933 1312 4016; x_wconf 88' lang='lat' dir='ltr'><strong>solet,</strong></span> <span class='ocrx_word' id='word_1_174' title='bbox 1333 3939 1372 4000; x_wconf 92' lang='lat' dir='ltr'><strong>ut</strong></span> <span class='ocrx_word' id='word_1_175' title='bbox 1394 3955 1459 4018; x_wconf 91' lang='lat' dir='ltr'><strong>quo</strong></span> <span class='ocrx_word' id='word_1_176' title='bbox 1481 3935 1516 4002; x_wconf 93' lang='lat' dir='ltr'><strong>in</strong></span> <span class='ocrx_word' id='word_1_177' title='bbox 1538 3936 1751 4006; x_wconf 87' lang='lat' dir='ltr'><strong>emendandis</strong></span> <span class='ocrx_word' id='word_1_178' title='bbox 1773 3940 1843 4006; x_wconf 80' lang='lat' dir='ltr'><strong>eius</strong></span> <span class='ocrx_word' id='word_1_179' title='bbox 1865 3940 2015 4026; x_wconf 88' lang='lat' dir='ltr'><strong>reliqniis</strong></span> 
     </span>
     <span class='ocr_line' id='line_1_17' title="bbox 207 4053 2014 4146; baseline -0.002 -14"><span class='ocrx_word' id='word_1_180' title='bbox 207 4060 429 4132; x_wconf 88' lang='lat' dir='ltr'><strong>descendere</strong></span> <span class='ocrx_word' id='word_1_181' title='bbox 457 4058 571 4142; x_wconf 90' lang='lat' dir='ltr'><strong>liceat,</strong></span> <span class='ocrx_word' id='word_1_182' title='bbox 606 4057 688 4122; x_wconf 90' lang='lat' dir='ltr'><strong>satis</strong></span> <span class='ocrx_word' id='word_1_183' title='bbox 716 4077 837 4140; x_wconf 90' lang='lat' dir='ltr'><strong>anceps</strong></span> <span class='ocrx_word' id='word_1_184' title='bbox 863 4075 1108 4138; x_wconf 82' lang='lat' dir='ltr'><strong>nonnumquam</strong></span> <span class='ocrx_word' id='word_1_185' title='bbox 1136 4053 1291 4120; x_wconf 86' lang='lat' dir='ltr'><strong>uideatur</strong></span> <span class='ocrx_word' id='word_1_186' title='bbox 1318 4075 1390 4120; x_wconf 87' lang='lat' dir='ltr'><strong>esse</strong></span> <span class='ocrx_word' id='word_1_187' title='bbox 1423 4059 1458 4120; x_wconf 88' lang='lat' dir='ltr'><strong>et</strong></span> <span class='ocrx_word' id='word_1_188' title='bbox 1488 4054 1661 4122; x_wconf 91' lang='lat' dir='ltr'><strong>lubricum.</strong></span> <span class='ocrx_word' id='word_1_189' title='bbox 1713 4057 1835 4125; x_wconf 89' lang='lat' dir='ltr'><strong>Tamen</strong></span> <span class='ocrx_word' id='word_1_190' title='bbox 1867 4061 1902 4126; x_wconf 91' lang='lat' dir='ltr'><strong>in</strong></span> <span class='ocrx_word' id='word_1_191' title='bbox 1934 4062 2014 4146; x_wconf 89' lang='lat' dir='ltr'><strong>ipsis</strong></span> 
     </span>
     <span class='ocr_line' id='line_1_18' title="bbox 204 4173 2014 4266; baseline -0.002 -14"><span class='ocrx_word' id='word_1_192' title='bbox 204 4185 314 4252; x_wconf 86' lang='lat' dir='ltr'><strong>hisce</strong></span> <span class='ocrx_word' id='word_1_193' title='bbox 347 4200 456 4245; x_wconf 91' lang='lat' dir='ltr'><strong>rerum</strong></span> <span class='ocrx_word' id='word_1_194' title='bbox 482 4175 643 4260; x_wconf 82' lang='lat' dir='ltr'><strong>angustiis</strong></span> <span class='ocrx_word' id='word_1_195' title='bbox 672 4196 777 4261; x_wconf 91' lang='lat' dir='ltr'><strong>neque</strong></span> <span class='ocrx_word' id='word_1_196' title='bbox 813 4176 884 4260; x_wconf 89' lang='lat' dir='ltr'><strong>ipse</strong></span> <span class='ocrx_word' id='word_1_197' title='bbox 920 4195 1027 4259; x_wconf 89' lang='lat' dir='ltr'><strong>neque</strong></span> <span class='ocrx_word' id='word_1_198' title='bbox 1061 4173 1266 4260; x_wconf 86' lang='lat' dir='ltr'><strong>AEbertus¹)</strong></span> <span class='ocrx_word' id='word_1_199' title='bbox 1301 4193 1408 4260; x_wconf 90' lang='lat' dir='ltr'><strong>neque</strong></span> <span class='ocrx_word' id='word_1_200' title='bbox 1443 4173 1742 4264; x_wconf 76' lang='lat' dir='ltr'><strong>LEhrenthalius²)</strong></span> <span class='ocrx_word' id='word_1_201' title='bbox 1780 4181 2014 4266; x_wconf 88' lang='lat' dir='ltr'><strong>experimenta,</strong></span> 
     </span>
    </p>
   </div>
   <div class='ocr_carea' id='block_1_6' title="bbox 214 4349 506 4370">
    <p class='ocr_par' dir='ltr' id='par_1_6' title="bbox 214 4349 506 4370">
     <span class='ocr_line' id='line_1_19' title="bbox 214 4349 506 4370; baseline 0 -8"><span class='ocrx_word' id='word_1_202' title='bbox 214 4349 506 4370; x_wconf 56' lang='lat' dir='ltr'><em>W</em></span> 
     </span>
    </p>
   </div>
   <div class='ocr_carea' id='block_1_7' title="bbox 204 4447 2019 4838">
    <p class='ocr_par' dir='ltr' id='par_1_7' title="bbox 204 4447 2019 4838">
     <span class='ocr_line' id='line_1_20' title="bbox 385 4447 2017 4524; baseline 0.005 -16"><span class='ocrx_word' id='word_1_203' title='bbox 385 4455 405 4524; x_wconf 85' lang='lat'><strong>¹)</strong></span> <span class='ocrx_word' id='word_1_204' title='bbox 423 4453 466 4509; x_wconf 89' lang='lat' dir='ltr'><strong>De</strong></span> <span class='ocrx_word' id='word_1_205' title='bbox 485 4453 523 4510; x_wconf 87' lang='lat' dir='ltr'><strong>M.</strong></span> <span class='ocrx_word' id='word_1_206' title='bbox 546 4453 668 4510; x_wconf 85' lang='lat' dir='ltr'><strong>cornelii</strong></span> <span class='ocrx_word' id='word_1_207' title='bbox 685 4451 836 4510; x_wconf 85' lang='lat' dir='ltr'><strong>Frontonis</strong></span> <span class='ocrx_word' id='word_1_208' title='bbox 855 4451 976 4522; x_wconf 76' lang='lat' dir='ltr'><strong>syntaxi.</strong></span> <span class='ocrx_word' id='word_1_209' title='bbox 1010 4449 1086 4507; x_wconf 80' lang='lat' dir='ltr'><strong>Diua·</strong></span> <span class='ocrx_word' id='word_1_210' title='bbox 1102 4450 1196 4520; x_wconf 76' lang='lat' dir='ltr'><strong>inaug.</strong></span> <span class='ocrx_word' id='word_1_211' title='bbox 1215 4463 1298 4519; x_wconf 85' lang='lat' dir='ltr'><strong>quam</strong></span> <span class='ocrx_word' id='word_1_212' title='bbox 1380 4449 1496 4520; x_wconf 80' lang='lat' dir='ltr'><strong>scripsit</strong></span> <span class='ocrx_word' id='word_1_213' title='bbox 1513 4447 1635 4506; x_wconf 83' lang='lat' dir='ltr'><strong>AEbert.</strong></span> <span class='ocrx_word' id='word_1_214' title='bbox 1662 4449 1803 4524; x_wconf 79' lang='lat' dir='ltr'><strong>Eriangae</strong></span> <span class='ocrx_word' id='word_1_215' title='bbox 1821 4455 1889 4514; x_wconf 89' lang='grc'>1880</span> <span class='ocrx_word' id='word_1_216' title='bbox 1907 4481 1940 4503; x_wconf 82' lang='lat'><strong>==</strong></span> <span class='ocrx_word' id='word_1_217' title='bbox 1953 4466 2017 4516; x_wconf 84' lang='lat' dir='ltr'><strong>octa</strong></span> 
     </span>
     <span class='ocr_line' id='line_1_21' title="bbox 204 4551 2017 4628; baseline -0.002 -4"><span class='ocrx_word' id='word_1_218' title='bbox 204 4555 375 4624; x_wconf 72' lang='lat' dir='ltr'><strong>seminarii</strong></span> <span class='ocrx_word' id='word_1_219' title='bbox 383 4555 729 4627; x_wconf 75' lang='lat' dir='ltr'><strong>philologioieriargensis</strong></span> <span class='ocrx_word' id='word_1_220' title='bbox 740 4556 768 4609; x_wconf 91' lang='lat' dir='ltr'><strong>Ii</strong></span> <span class='ocrx_word' id='word_1_221' title='bbox 780 4571 843 4625; x_wconf 79' lang='lat' dir='ltr'><strong>pag.</strong></span> <span class='ocrx_word' id='word_1_222' title='bbox 856 4553 1001 4611; x_wconf 81' lang='grc'>811-887,</span> <span class='ocrx_word' id='word_1_223' title='bbox 1021 4553 1060 4609; x_wconf 84' lang='lat' dir='ltr'><strong>cf.</strong></span> <span class='ocrx_word' id='word_1_224' title='bbox 1074 4567 1147 4621; x_wconf 74' lang='lat' dir='ltr'><strong>quse</strong></span> <span class='ocrx_word' id='word_1_225' title='bbox 1159 4552 1194 4609; x_wconf 86' lang='lat' dir='ltr'><strong>de</strong></span> <span class='ocrx_word' id='word_1_226' title='bbox 1206 4554 1260 4609; x_wconf 90' lang='lat' dir='ltr'><strong>hoc</strong></span> <span class='ocrx_word' id='word_1_227' title='bbox 1272 4553 1366 4609; x_wconf 87' lang='lat' dir='ltr'><strong>libello</strong></span> <span class='ocrx_word' id='word_1_228' title='bbox 1378 4551 1436 4607; x_wconf 84' lang='lat' dir='ltr'><strong>diri</strong></span> <span class='ocrx_word' id='word_1_229' title='bbox 1447 4553 1476 4608; x_wconf 88' lang='lat' dir='ltr'><strong>in</strong></span> <span class='ocrx_word' id='word_1_230' title='bbox 1488 4553 1565 4623; x_wconf 81' lang='lat' dir='ltr'><strong>‘phil</strong></span> <span class='ocrx_word' id='word_1_231' title='bbox 1579 4553 1760 4612; x_wconf 87' lang='lat' dir='ltr'><strong>Rundschau’</strong></span> <span class='ocrx_word' id='word_1_232' title='bbox 1772 4559 1786 4611; x_wconf 90' lang='lat'>1</span> <span class='ocrx_word' id='word_1_233' title='bbox 1798 4575 1824 4628; x_wconf 92' lang='lat' dir='ltr'><strong>p.</strong></span> <span class='ocrx_word' id='word_1_234' title='bbox 1838 4561 2017 4621; x_wconf 83' lang='grc'>1866-1371.</span> 
     </span>
     <span class='ocr_line' id='line_1_22' title="bbox 204 4633 2019 4728; baseline -0.001 -4"><span class='ocrx_word' id='word_1_235' title='bbox 204 4659 403 4724; x_wconf 77' lang='lat' dir='ltr'><strong>clementius</strong></span> <span class='ocrx_word' id='word_1_236' title='bbox 427 4675 490 4714; x_wconf 83' lang='lat' dir='ltr'><strong>cum</strong></span> <span class='ocrx_word' id='word_1_237' title='bbox 514 4675 546 4715; x_wconf 88' lang='lat' dir='ltr'><strong>eo</strong></span> <span class='ocrx_word' id='word_1_238' title='bbox 571 4659 629 4728; x_wconf 75' lang='lat' dir='ltr'><strong>egit</strong></span> <span class='ocrx_word' id='word_1_239' title='bbox 646 4656 823 4728; x_wconf 72' lang='lat' dir='ltr'><strong>Kneeorgos</strong></span> <span class='ocrx_word' id='word_1_240' title='bbox 847 4659 875 4713; x_wconf 89' lang='lat' dir='ltr'><strong>in</strong></span> <span class='ocrx_word' id='word_1_241' title='bbox 900 4656 1031 4713; x_wconf 84' lang='lat' dir='ltr'><strong>Bmsisni</strong></span> <span class='ocrx_word' id='word_1_242' title='bbox 1049 4655 1196 4713; x_wconf 81' lang='lat' dir='ltr'><strong>annulibns</strong></span> <span class='ocrx_word' id='word_1_243' title='bbox 1220 4657 1255 4714; x_wconf 82' lang='lat'><strong>28</strong></span> <span class='ocrx_word' id='word_1_244' title='bbox 1272 4657 1362 4728; x_wconf 86' lang='grc'>(1881)</span> <span class='ocrx_word' id='word_1_245' title='bbox 1384 4671 1447 4727; x_wconf 67' lang='lat' dir='ltr'><strong>pag.</strong></span> <span class='ocrx_word' id='word_1_246' title='bbox 1470 4633 1615 4716; x_wconf 75' lang='lat' dir='ltr'><strong>iot—aul.</strong></span> <span class='ocrx_word' id='word_1_247' title='bbox 1650 4659 1727 4715; x_wconf 81' lang='lat' dir='ltr'><strong>Nihil</strong></span> <span class='ocrx_word' id='word_1_248' title='bbox 1751 4657 1811 4718; x_wconf 84' lang='lat' dir='ltr'><strong>fore</strong></span> <span class='ocrx_word' id='word_1_249' title='bbox 1836 4664 1903 4718; x_wconf 86' lang='lat' dir='ltr'><strong>noui</strong></span> <span class='ocrx_word' id='word_1_250' title='bbox 1922 4667 2019 4722; x_wconf 88' lang='lat' dir='ltr'><strong>attulit</strong></span> 
     </span>
     <span class='ocr_line' id='line_1_23' title="bbox 207 4759 2018 4838; baseline -0.003 -9"><span class='ocrx_word' id='word_1_251' title='bbox 207 4781 328 4828; x_wconf 84' lang='lat' dir='ltr'><strong>censor</strong></span> <span class='ocrx_word' id='word_1_252' title='bbox 350 4776 510 4832; x_wconf 77' lang='lat' dir='ltr'><strong>anonymus</strong></span> <span class='ocrx_word' id='word_1_253' title='bbox 533 4763 562 4818; x_wconf 90' lang='lat' dir='ltr'><strong>in</strong></span> <span class='ocrx_word' id='word_1_254' title='bbox 586 4759 687 4818; x_wconf 85' lang='lat' dir='ltr'><strong>indicis</strong></span> <span class='ocrx_word' id='word_1_255' title='bbox 710 4759 847 4831; x_wconf 79' lang='lat' dir='ltr'><strong>philologi</strong></span> <span class='ocrx_word' id='word_1_256' title='bbox 871 4761 905 4817; x_wconf 81' lang='lat'><strong>12</strong></span> <span class='ocrx_word' id='word_1_257' title='bbox 928 4759 1104 4830; x_wconf 69' lang='grc' dir='ltr'>(18821ριιι.</span> <span class='ocrx_word' id='word_1_258' title='bbox 1130 4759 1277 4820; x_wconf 79' lang='grc'>897-400.</span> <span class='ocrx_word' id='word_1_259' title='bbox 1293 4792 1328 4803; x_wconf 97' lang='grc'>-</span> <span class='ocrx_word' id='word_1_260' title='bbox 1344 4761 1367 4831; x_wconf 87' lang='lat'><strong>²)</strong></span> <span class='ocrx_word' id='word_1_261' title='bbox 1386 4761 1571 4830; x_wconf 79' lang='lat' dir='ltr'><strong>Quaestiones</strong></span> <span class='ocrx_word' id='word_1_262' title='bbox 1589 4761 1794 4823; x_wconf 82' lang='lat' dir='ltr'><strong>frontonianae.</strong></span> <span class='ocrx_word' id='word_1_263' title='bbox 1830 4765 1904 4823; x_wconf 89' lang='lat' dir='ltr'><strong>Diss.</strong></span> <span class='ocrx_word' id='word_1_264' title='bbox 1924 4768 2018 4838; x_wconf 78' lang='lat' dir='ltr'><strong>inaug.</strong></span> 
     </span>
    </p>
   </div>
   <div class='ocr_carea' id='block_1_8' title="bbox 201 4863 2018 5012">
    <p class='ocr_par' dir='ltr' id='par_1_8' title="bbox 201 4863 2018 5012">
     <span class='ocr_line' id='line_1_24' title="bbox 201 4863 2018 4944; baseline -0.001 -16"><span class='ocrx_word' id='word_1_265' title='bbox 201 4887 307 4944; x_wconf 83' lang='lat' dir='ltr'><strong>quam</strong></span> <span class='ocrx_word' id='word_1_266' title='bbox 433 4863 564 4920; x_wconf 77' lang='lat' dir='ltr'><strong>defendet</strong></span> <span class='ocrx_word' id='word_1_267' title='bbox 581 4863 771 4921; x_wconf 85' lang='lat' dir='ltr'><strong>LEhrentbai.</strong></span> <span class='ocrx_word' id='word_1_268' title='bbox 807 4863 977 4932; x_wconf 82' lang='lat' dir='ltr'><strong>Regimontii</strong></span> <span class='ocrx_word' id='word_1_269' title='bbox 995 4863 1162 4919; x_wconf 86' lang='lat' dir='ltr'><strong>Prussorum</strong></span> <span class='ocrx_word' id='word_1_270' title='bbox 1189 4866 1264 4924; x_wconf 89' lang='grc'>1881.</span> <span class='ocrx_word' id='word_1_271' title='bbox 1300 4864 1527 4923; x_wconf 84' lang='lat' dir='ltr'><strong>Libelluslaude</strong></span> <span class='ocrx_word' id='word_1_272' title='bbox 1550 4866 1738 4936; x_wconf 77' lang='lat' dir='ltr'><strong>dignissimus,</strong></span> <span class='ocrx_word' id='word_1_273' title='bbox 1760 4868 1862 4937; x_wconf 89' lang='lat' dir='ltr'><strong>inquo</strong></span> <span class='ocrx_word' id='word_1_274' title='bbox 1881 4871 2018 4938; x_wconf 85' lang='lat' dir='ltr'><strong>qnodme</strong></span> 
     </span>
     <span class='ocr_line' id='line_1_25' title="bbox 1776 4955 1815 5012; baseline 0 -20"><span class='ocrx_word' id='word_1_275' title='bbox 1776 4955 1815 5012; x_wconf 68' lang='lat'><strong>3*</strong></span> 
     </span>
    </p>
   </div>
   <div class='ocr_carea' id='block_1_9' title="bbox 0 0 2255 5764">
    <p class='ocr_par' dir='ltr' id='par_1_9' title="bbox 0 0 2255 5764">
     <span class='ocr_line' id='line_1_26' title="bbox 0 0 2255 5764; baseline 0 0"><span class='ocrx_word' id='word_1_276' title='bbox 0 0 2255 5764; x_wconf 95' lang='lat' dir='ltr'><strong> </strong></span> 
     </span>
    </p>
   </div>
  </div>
 </body>
</html>
