4470 5772
1120 203 1142 270 5

241 402 300 463 aut
321 392 503 462 timendum
524 413 596 462 esse
617 411 658 460 ne
681 391 725 460 ad
745 399 852 460 ratem
872 393 1049 460 leuandam
1070 394 1105 458 in
1126 413 1216 458 mare
1237 393 1450 477 proiciantur.
1493 391 1611 478 Itaque
1632 390 1723 460 haud
1744 392 1811 460 scio
1827 413 1870 458 au
1884 389 2021 460 lacunae

242 519 290 583 ita
313 517 379 584 sint
401 516 598 602 explendae:
621 529 649 576 at
670 522 726 578 iam
747 529 906 578 testamenta
926 537 981 594 pro
1005 519 1119 579 obrutis
1146 522 1229 592 sunt,
1256 521 1281 576 ri
1301 519 1460 594 caniparint
1487 519 1559 576 inter
1588 535 1674 576 cnara
1699 521 1828 578 mactum
1849 528 1882 603 rt
1895 522 2022 580 soranos

241 645 373 718 remigum
403 637 463 720 (sie
495 635 569 702 sind
592 655 627 701 so
644 615 716 718 ¹gut
741 634 801 701 wie
828 635 1033 702 verschiittet
1061 636 1130 703 und
1157 635 1343 719 vergraben
1368 637 1466 699 unter
1492 632 1556 699 deu
1582 633 1816 700 Warenballen
1846 633 1915 702 und
1949 635 2024 701 dem

241 757 393 842 Banasa),
422 761 461 822 ut
490 756 557 820 iam
585 754 727 820 inueniri
755 775 821 820 non
849 755 984 839 possint.
1035 755 1198 822 Maehlins
1210 756 1254 834 1);
1277 767 1306 816 ot
1326 761 1382 816 iam
1408 765 1567 816 testamento
1584 759 1740 833 promiscae
1758 777 1814 833 per
1834 762 1926 817 morio
1947 762 2025 818 aori·

241 883 343 955 pariat,
368 897 453 960 quac
475 875 665 942 coniectura
687 895 725 940 eo
747 871 887 956 laborat,
911 873 1001 959 qnod
1022 874 1103 961 quid
1124 874 1201 941 inde
1223 873 1363 961 periculi
1383 873 1591 938 testamentis
1606 872 1775 938 immineat
1789 893 1855 940 uon
1869 874 2024 960 adparet3

244 995 482 1079 Eussnerus:²)
505 1011 535 1058 ar
555 1003 611 1058 iam
634 1007 795 1058 testamento
812 1009 897 1074 prout
921 1001 1036 1058 rodana
1059 1008 1128 1075 apro
1148 1000 1323 1074 navigarat,
1351 1012 1437 1076 quae
1462 991 1568 1057 uerba
1589 1012 1607 1057 e
1630 990 1822 1078 Oicerone³)
1850 993 2026 1078 adsumpta

242 1137 361 1182 uereor
382 1137 424 1181 ue
447 1120 481 1182 et
502 1121 618 1180 contra
640 1113 818 1179 Frontonis
841 1113 973 1179 dicendi
994 1115 1126 1200 usum⁴)
1148 1117 1286 1198 peccent
1307 1117 1341 1179 et
1362 1113 1450 1179 iusto
1466 1111 1615 1179 doctiora
1629 1111 1744 1180 sintin
1757 1113 1868 1180 madia
1882 1112 2026 1198 quadam

244 1235 518 1302 commentatione
539 1233 690 1300 iuridico..
734 1233 819 1312 Quid
839 1239 1012 1317 praeterea
1032 1235 1192 1300 Frontoni
1214 1254 1287 1302 oum
1308 1233 1527 1322 narraret

395 1355 434 1420 In
462 1353 744 1422 emendationibus
770 1351 989 1420 frontoniauis
1016 1355 1105 1438 (pag.
1134 1355 1190 1439 47)
1215 1375 1289 1420 cum
1309 1353 1344 1419 iu
1366 1351 1509 1438 epistula
1537 1350 1581 1417 ad
1608 1351 1652 1417 M.
1676 1349 1851 1418 Gaesarem
1879 1352 1959 1420 data
1981 1353 2025 1437 (V

245 1473 322 1540 XIX
344 1474 388 1540 34
408 1493 483 1558 pag.
505 1475 556 1542 82.
578 1475 611 1555 3)
635 1473 757 1540 codicis
785 1473 931 1540 uatioani
960 1473 1157 1559 scripturam
1185 1479 1231 1535 illo
1260 1479 1365 1554 spatio,
1395 1497 1447 1554 qao
1475 1474 1671 1553 perferebatur
1696 1476 1746 1536 tor
1774 1479 1884 1536 natans
1910 1477 2027 1540 contra

243 1613 498 1677 praeproperam
519 1591 686 1658 hominum
716 1593 888 1659 doctorum
917 1593 1116 1660 sententiam
1141 1593 1313 1677 antiquam
1339 1591 1542 1676 pronominis
1571 1589 1712 1658 formam
1740 1591 1932 1658 mutandam
1954 1612 2026 1659 esse

244 1713 362 1796 (Maius
390 1717 440 1782 tic,
463 1712 614 1778 Naberus
640 1717 692 1776 hac
718 1712 922 1799 maluerunt)
942 1719 1033 1779 recte
1053 1713 1182 1796 negaui,
1216 1713 1326 1778 nescio
1349 1711 1512 1795 quomodo
1542 1709 1673 1795 neglexi
1699 1710 1808 1777 locum
1836 1712 1893 1798 qui
1920 1713 2027 1778 estin

242 1834 360 1900 mediis
383 1833 472 1918 apud
493 1833 662 1899 Naberum
684 1833 835 1916 epistulis
858 1832 986 1915 graecis
1001 1832 1047 1898 VI
1068 1835 1154 1916 (pag.
1177 1831 1250 1898 253.
1273 1834 1323 1916 9):
1345 1856 1392 1912 eqo
1412 1855 1467 1894 aon
1488 1836 1604 1895 ardeam
1625 1845 1670 1894 tao
1690 1855 1793 1902 amora,
1816 1839 1864 1912 qa·
1882 1837 1945 1896 mar
1962 1831 2027 1898 hoc

241 1959 394 2032 empseris,
411 1954 468 2039 qui
482 1953 576 2018 loous
600 1972 667 2017 non
689 1972 763 2018 cum
777 1951 865 2018 Maio
887 1957 921 2018 et
941 1951 1074 2018 Nabcro
1097 1951 1311 2036 temptandus
1334 1955 1394 2018 est.
1438 1951 1587 2036 Uterque
1608 1951 1701 2018 locus
1722 1951 1767 2018 M.
1789 1951 1942 2018 Caesaris
1965 1957 2026 2018 est.

399 2074 439 2138 In
460 2071 566 2138 Marci
589 2070 733 2156 epistula
754 2071 805 2138 III
827 2070 983 2138 'lFronto
1004 2072 1093 2155 quod
1114 2073 1264 2156 quiescat
1285 2077 1319 2140 et
1334 2071 1423 2156 quod
1438 2072 1643 2138 commodum
1657 2071 1840 2138 valetudini
1860 2070 1904 2138 sit
1923 2069 2028 2138 iaciat

242 2193 408 2260 laudatur.
453 2197 492 2254 Et
513 2197 633 2272 litamur,
660 2191 809 2275 pergitur
831 2191 921 2276 (pag.
949 2191 1002 2256 45.
1034 2193 1077 2278 l),
1107 2208 1131 2256 ct
1159 2199 1242 2256 otiose
1268 2214 1327 2272 apr.
1369 2195 1462 2254 Sentio
1491 2215 1554 2272 erqo
1582 2205 1654 2256 recte
1677 2197 1786 2271 sanat,
1813 2196 1888 2271 qnod
1916 2195 2027 2254 tractio

243 2317 369 2376 curando
397 2335 510 2391 operam
538 2316 647 2374 άιάιιιί.
692 2310 747 2378 Sic
768 2311 838 2378 Mai
865 2310 1038 2378 lectionem
1060 2317 1191 2378 secutus
1214 2311 1376 2378 Naberus.
1423 2310 1550 2376 Uitiose
1572 2311 1642 2376 sine
1664 2310 1779 2393 dubio;
1801 2310 1837 2376 id
1859 2331 1932 2376 oum
1953 2331 2027 2395 per·

244 2433 429 2516 spexissent
450 2430 693 2514 Schopenus⁶):
717 2444 741 2492 a
762 2431 938 2496 clementer
960 2446 984 2494 cr
1005 2439 1087 2496 orosa
1109 2455 1169 2512 apa.
1210 2435 1312 2496 Censeo
1333 2453 1398 2510 erqo
1421 2435 1456 2496 et
1477 2436 1742 2514 quaererentur,
1764 2429 2026 2515 Ascnaeferum)

245 2551 419 2618 audacius:
443 2565 467 2612 a
488 2555 600 2612 libenter
622 2563 647 2612 ra
670 2557 755 2612 orioro
777 2572 858 2630 agera
886 2558 970 2614 ranno
997 2551 1166 2618 emendari
1192 2551 1379 2617 uoluerunt.
1430 2550 1539 2633 htque
1567 2569 1686 2616 reuera
1713 2571 1810 2634 quem
1839 2549 2026 2618 adhorteris

246 2677 283 2736 ιιι
304 2671 446 2736 libenter
467 2675 546 2752 agat
567 2669 631 2736 nisi
654 2669 711 2752 qui
732 2669 777 2736 sit
799 2674 858 2736 aut
878 2670 952 2736 loco
974 2670 1086 2756 aliquo
1108 2672 1216 2738 minus
1239 2675 1332 2754 grato
1360 2675 1419 2736 aut
1446 2669 1637 2736 condicione
1660 2669 1775 2754 aliqua
1796 2669 2027 2736 incommoda?

243 2791 292 2856 De
314 2790 434 2875 quibus
456 2771 656 2858 rebusnihil
677 2789 821 2856 additur.
865 2791 1044 2858 Praeterea
1065 2791 1151 2856 male
1174 2789 1350 2856 cohaerent
1370 2790 1474 2858 uerba
1494 2789 1656 2874 proxima.
1700 2789 1814 2874 Neque
1837 2791 1931 2870 enim,
1954 2789 2026 2854 siue

243 2910 446 2976 uocabulum
467 2933 531 2989 erqo
554 2931 628 2974 curn
649 2916 735 2974 aratio
757 2910 827 2976 siue
850 2931 925 2976 cum
946 2925 1016 2974 recte
1034 2917 1127 2990 saciati
1141 2910 1321 2994 coniungis,
1344 2910 1423 2994 quia
1436 2909 1568 2976 Marone
1584 2931 1682 2976 sensu
1696 2931 1763 2976 non
1777 2915 1879 2991 caret,
1901 2909 2026 2978 Fronto

243 3036 334 3096 recte
355 3029 473 3096 fecisse
495 3029 654 3096 dicendus
681 3034 745 3110 est,
781 3051 889 3114 neque
916 3031 995 3115 quia
1020 3030 1220 3098 Frontonem
1247 3030 1291 3098 ad
1319 3029 1502 3098 cauendum
1530 3029 1819 3115 ualetudinemque
1849 3028 2028 3096 curandam

244 3151 442 3218 adhortatus
465 3155 524 3230 cst,
545 3150 621 3216 ideo
643 3149 775 3216 Marcus
798 3150 927 3216 sentire
941 3150 1068 3236 aliquid
1091 3151 1158 3218 dici
1178 3151 1311 3236 poterit.
1346 3151 1473 3234 ltaque
1494 3150 1530 3214 iu
1551 3148 1713 3216 uocabulo
1735 3156 1820 3213 seara
1841 3148 1946 3216 latere
1967 3149 2028 3214 ali·

244 3271 325 3355 quid
353 3271 509 3354 adparet,
537 3270 626 3353 quod
650 3274 689 3334 ut
714 3269 838 3334 Fronto
859 3269 1003 3336 libenter
1033 3275 1067 3336 ct
1099 3272 1206 3338 otiose
1232 3270 1321 3338 ferat
1351 3271 1484 3337 Marcus
1513 3268 1721 3338 adhortatur.
1764 3268 1889 3335 Fronto
1916 3273 2027 3336 autem

243 3391 353 3456 tribus
382 3390 465 3456 locis
495 3391 584 3474 (pag.
608 3388 660 3455 56.
685 3389 735 3472 23,
759 3389 810 3457 89.
833 3389 885 3471 21,
909 3389 960 3454 91.
984 3390 1038 3476 18)
1067 3390 1190 3458 lectulo
1219 3390 1429 3456 arthriticum
1457 3411 1492 3456 se
1522 3390 1630 3456 teneri
1657 3389 1747 3474 apud
1772 3389 1920 3456 Marcum
1949 3409 2026 3458 con-

244 3511 403 3594 queritur.
446 3511 554 3592 Atque
583 3511 619 3574 in
649 3530 688 3574 ea
718 3509 760 3574 de
787 3530 853 3592 qua
882 3509 993 3592 agitur
1021 3509 1165 3594 epistula
1190 3509 1321 3576 Marcus
1349 3510 1460 3578 addit:
1488 3533 1535 3590 eqo
1563 3531 1703 3589 qaoque
1723 3514 1803 3572 todia
1824 3533 1842 3572 a
1863 3521 1979 3590 septima
1998 3515 2027 3570 in

244 3635 374 3692 lectulo
403 3633 522 3690 nonnihil
543 3635 585 3708 epi
607 3627 693 3712 (cod.
722 3634 789 3707 lega·
822 3633 912 3694 recte
944 3627 1145 3714 MHauptius
1175 3630 1364 3696 emendarit
1390 3637 1446 3710 ιρις
1473 3635 1599 3713 septem
1627 3630 1713 3694 enim
1742 3627 1872 3704 εἰκόνας
1896 3629 2028 3694 Marcus

246 3768 281 3812 se
304 3745 510 3830 expediuisse
533 3747 705 3829 gloriatur,
727 3746 762 3812 id
784 3748 873 3830 quod
895 3748 1071 3814 scribentis
1093 3755 1153 3831 est,
1175 3771 1242 3816 non
1263 3749 1426 3835 legentis).
1470 3749 1574 3816 Uides
1595 3749 1793 3816 Frontonem
1814 3749 1922 3834 ipsum
1944 3770 2026 3834 quo·

245 3887 309 3949 que
331 3886 370 3932 eo
392 3869 541 3948 tempore
563 3887 698 3949 aegrum
719 3867 754 3932 in
775 3866 898 3932 lectulo
920 3867 1032 3938 fuisse.
1077 3869 1183 3952 Igitur
1205 3868 1358 3936 emendo:
1386 3883 1410 3932 er
1431 3873 1544 3932 libenter
1572 3884 1598 3934 er
1620 3876 1703 3932 orioro
1725 3893 1775 3949 cqc
1796 3874 1903 3936 arao.
1947 3855 2026 3948 Erqi

244 3989 426 4065 recrescenti
447 3989 480 4050 et
502 4005 586 4068 quae
609 3993 773 4052 secuntur.
819 3987 890 4066 Qua
920 3989 1147 4055 emendatione
1175 4011 1241 4055 non
1272 3987 1427 4068 librario,
1457 3988 1516 4054 sed
1545 3987 1613 4054 Mai
1641 3989 1745 4056 oculis
1767 3988 1925 4072 opitulari
1946 3987 2027 4054 mihi

244 4103 369 4174 uidcor.
408 4103 518 4173 Unum
540 4109 655 4187 restat,
676 4111 714 4171 ut
737 4105 778 4172 de
800 4105 889 4172 nudo
912 4107 1058 4176 ablatiuo
1074 4108 1140 4176 loci
1155 4109 1277 4176 omissa
1291 4107 1538 4194 praepositione
1559 4115 1587 4172 r'n
1601 4127 1708 4194 panca
1723 4106 1854 4174 addam.
1889 4107 2028 4174 Praeter

399 4416 418 4485 ¹)
437 4410 574 4484 Philolog.
598 4413 630 4471 17
653 4429 718 4488 pag.
742 4413 801 4470 177.
824 4443 858 4455 -
879 4418 902 4486 ²)
919 4418 938 4476 l.
956 4434 980 4476 c.
1004 4449 1038 4461 -
1061 4420 1083 4490 ³)
1108 4417 1189 4474 Taso.
1213 4413 1285 4488 disp.
1307 4417 1334 4476 V
1357 4421 1399 4477 14.
1416 4421 1460 4477 40.
1483 4448 1519 4460 —
1539 4420 1562 4491 ⁸)
1580 4420 1720 4478 uocabulo
1739 4426 1826 4491 prout
1843 4418 1950 4478 Fronto
1968 4438 2024 4478 uuo

245 4517 308 4574 loco
327 4517 375 4588 (ad
392 4518 475 4574 amic.
493 4519 507 4573 1
524 4519 568 4588 25,
590 4535 654 4589 pag.
673 4517 733 4575 188.
752 4519 785 4573 17
808 4518 926 4590 Nabar.)
945 4538 1012 4578 usus
1039 4531 1098 4580 est:
1122 4529 1147 4577 rt
1169 4528 1200 4578 ta
1221 4521 1327 4590 quidam
1344 4521 1382 4578 ad
1399 4523 1520 4594 angulos
1537 4526 1672 4581 οιαιιοιιιι
1688 4541 1831 4596 mosas,
1844 4531 1932 4595 preat
1948 4541 2026 4596 qaae·

243 4639 292 4692 qao
315 4622 449 4676 contemto
473 4622 577 4678 laudem
606 4624 734 4679 manarit
757 4626 905 4690 (marmot
928 4624 1120 4698 Heindorfiue)
1141 4627 1243 4698 parato
1268 4627 1406 4697 fruebare,
1428 4637 1460 4686 ut
1483 4628 1520 4686 ad
1541 4629 1653 4699 plenam
1676 4631 1845 4687 seutentiam
1870 4629 2027 4702 pertineat,

244 4743 301 4782 ron
330 4725 367 4784 ad
394 4726 595 4794 compendium.
629 4726 714 4798 Apud
741 4727 869 4786 Marcum
893 4744 950 4786 non
976 4729 1125 4788 inuentor.
1152 4761 1184 4772 —
1207 4731 1229 4801 ⁸)
1253 4732 1472 4794 Emendationes
1494 4731 1691 4792 frontonianae
1713 4734 1742 4789 11
1758 4733 1849 4803 (ren)
1867 4747 1931 4802 pag.
1949 4733 1974 4788 7.
1992 4760 2027 4770 -

243 4829 265 4898 ⁶)
284 4829 421 4896 Philolog.
443 4831 478 4886 26
494 4847 557 4900 pag.
570 4832 629 4886 174.
648 4861 680 4872 -
