4470 5772
1040 202 1061 268 6

955 291 1158 306 ——n—

163 407 204 454 ee
226 406 311 471 quoe
340 383 381 452 de
410 383 473 452 hee
503 407 540 452 re
566 385 754 471 Draegems
781 392 821 457 1²
847 415 925 482 pag.
953 398 1018 463 525
1049 395 1163 481 1222.
1186 391 1337 474 eontulit,
1360 389 1481 478 quibus
1510 393 1654 480 adiungo
1682 395 1948 482 antiquissimum

140 509 234 574 ¹eins
255 505 385 590 generis
408 503 592 590 exemplum
613 507 697 573 Attii
718 511 807 596 opud
829 513 1017 585 Ciceronem
1046 515 1086 581 de
1115 513 1182 578 diu.
1205 511 1373 578 12244:
1399 527 1560 592 promotae
1586 529 1679 587 tero,
1709 537 1782 584 oum
1810 517 1947 586 AKoeh-

163 627 252 694 leros
261 627 297 712 ¹),
327 629 399 692 tum
427 624 637 712 umbertum)
666 627 856 700 conferendi
885 642 976 720 suut,
1006 655 1144 723 quorum
1174 632 1228 698 hio
1258 629 1407 716 exempla
1433 631 1648 700 frontouiene
1677 637 1860 720 composuit
1889 637 1946 704 ad·

162 747 274 817 mixtis
296 745 428 832 quidem
450 745 567 812 alienis
589 748 766 833 nonnullis,
788 759 827 820 ut
847 756 900 823 his
920 755 971 824 uti
991 757 1105 824 liceat:
1128 758 1287 817 lemmioeee
1308 757 1445 814 interdum
1465 757 1630 834 aspernatae
1651 760 1752 820 emotis
1772 762 1946 822 inmutaretur

164 871 254 956 (peg.
279 867 340 934 111
365 849 457 932 euius
479 865 619 951 poginee
640 889 755 937 uersus
777 871 834 958 qui
855 877 980 960 primus
1003 897 1076 946 esse
1098 873 1269 950 debueret,
1292 871 1483 958 typothetae
1499 874 1653 941 socordio
1666 875 1803 942 ultimus
1818 876 1945 963 positus

164 992 228 1076 est)
251 993 285 1055 et
305 993 417 1052 erotem
439 993 502 1050 elue
523 1004 662 1069 raporum
683 991 771 1076 (pag.
794 993 867 1067 219.
892 998 956 1084 16).
1001 995 1096 1064 Addo
1122 994 1231 1060 locum
1261 991 1403 1060 Senecae
1424 993 1529 1077 patris
1559 995 1698 1078 (suasor.
1720 995 1768 1062 III
1794 997 1843 1082 2):
1872 1002 1946 1077 qood

162 1117 212 1175 ter
232 1131 344 1174 omrem
366 1123 405 1172 eet
426 1113 540 1188 torpeo
566 1113 635 1173 dees
664 1117 762 1192 templo
790 1119 922 1196 utptnen
950 1123 1090 1182 occideret
1119 1133 1184 1197 quo
1205 1111 1278 1178 loeo
1309 1131 1390 1179 caue
1416 1133 1457 1179 ue
1488 1133 1562 1178 eum
1591 1113 1820 1200 AKiesslingio
1848 1115 1944 1201 quid·

162 1251 261 1316 quam
282 1247 427 1296 moueas.
472 1226 677 1313 Quemquam
698 1237 752 1298 est
771 1251 830 1299 our
852 1255 893 1300 ee
914 1257 1000 1322 quae
1020 1236 1118 1321 posui
1139 1233 1221 1300 mihi
1241 1231 1306 1318 ipsi
1327 1233 1535 1316 displiceant.
1578 1234 1627 1299 Ao
1648 1235 1789 1320 primum
1812 1235 1945 1320 quidem

163 1349 269 1419 uerbo.
287 1349 351 1416 ille
371 1369 437 1415 uon
455 1347 630 1414 Frontonis
653 1355 740 1433 sunt,
764 1353 822 1420 sed
837 1353 943 1422 Marei
958 1355 1117 1438 (laeseris,
1140 1349 1230 1438 opud
1252 1373 1348 1440 quem
1371 1353 1494 1420 similie
1508 1353 1556 1420 eie
1572 1373 1658 1440 quoe
1672 1355 1771 1422 attuli
1786 1354 1944 1439 exemplis

161 1493 230 1539 nou
249 1468 472 1553 inueniuntur,
496 1472 567 1532 tum
588 1467 719 1536 Merene
747 1492 782 1538 se
804 1475 912 1560 ipsum
934 1476 1093 1544 Frontoni
1124 1479 1295 1560 comperet
1326 1473 1361 1540 in
1391 1493 1496 1560 eoque
1522 1495 1559 1542 re
1588 1495 1655 1541 non
1683 1476 1772 1544 nudo
1793 1474 1942 1542 ablatiuo

123 1587 125 1660 J
163 1593 281 1659 utitur.
324 1590 412 1673 Ergo
435 1586 646 1655 scribendum
669 1591 733 1657 erit
753 1597 896 1680 utroque
917 1595 1004 1664 loeo:
1026 1603 1054 1659 tn
1075 1602 1179 1662 ῑιοιιιῑο.

121 1717 123 1790 J
311 1709 364 1777 Ad
385 1709 429 1776 11.
451 1707 625 1778 Caesarem
654 1709 700 1776 IV
724 1713 765 1777 12
791 1713 915 1783 Fronto
948 1716 1033 1787 leoto
1062 1716 1158 1784 initio
1186 1712 1349 1800 epistulae
1379 1731 1483 1797 nuper
1511 1713 1644 1780 adletae
1676 1735 1712 1781 se
1740 1715 1838 1782 ualde
1865 1735 1942 1781 oon·

119 1837 121 1912 ᾗ
159 1835 347 1900 stannatum
368 1827 469 1896 fuisse
490 1828 675 1913 profitetur,
703 1852 776 1899 eom
800 1833 972 1904 Caesarem
994 1835 1029 1901 iu
1051 1835 1163 1920 aliquo
1185 1832 1386 1901 ualetudinis
1415 1832 1562 1918 periculo
1589 1835 1717 1901 uersari
1739 1836 1942 1922 opinaretur,

117 1959 119 2036 j
158 1954 217 2021 sed
237 1956 413 2038 postquem
435 1948 477 2015 de
499 1948 677 2018 Faustinae
699 1949 795 2020 filiae
808 1953 960 2022 Caesaris
983 1955 1175 2022 ualetudine
1197 1953 1251 2040 agi
1271 1953 1420 2034 uidisset,
1447 1973 1606 2038 pauorem
1634 1955 1727 2021 illum
1756 1977 1822 2022 uon
1843 1931 1941 2024 modo

115 2084 117 2160 j
161 2071 402 2160 permutatum,
431 2069 490 2136 sed
516 2070 757 2154 quodammodo
788 2074 998 2142 subleuetum
1025 2075 1128 2142 foisse
1157 2076 1244 2160 (pag.
1272 2073 1413 2160 1219).
1457 2073 1523 2140 Uir
1550 2079 1661 2142 eutem
1689 2073 1772 2141 haee
1800 2075 1941 2161 scripsit,

158 2215 232 2262 eum
253 2193 380 2260 ueritus
401 2212 444 2258 ue
457 2190 648 2258 Faustinam
664 2193 760 2277 quasi
780 2193 889 2261 miuus
910 2199 1054 2262 amotam
1076 2193 1267 2269 offenderet
1288 2195 1466 2260 temerarie
1484 2195 1589 2266 uerba
1609 2215 1769 2262 exousere
1792 2201 1940 2262 uenator.

157 2317 239 2384 Tum
261 2312 366 2381 multe
388 2309 509 2381 friuole
531 2311 659 2378 ioeatus
681 2313 724 2379 ad
747 2314 883 2380 eandem
912 2335 983 2381 rem
1009 2316 1160 2381 reeurrit
1204 2319 1410 2386 Sedteeste,
1432 2315 1551 2398 pergit,
1573 2320 1732 2378 videtisne
1756 2321 1864 2379 deletor
1885 2323 1941 2378 eei·

109 2455 111 2522 j
156 2449 214 2500 ster
235 2455 302 2498 nere
323 2437 423 2496 tndr'olo
442 2453 548 2512 paruus
571 2437 648 2512 opud
663 2439 761 2512 filiam,
784 2441 864 2514 qouei
883 2457 951 2498 uero
973 2459 1021 2515 epo
1046 2449 1071 2498 te
1100 2457 1183 2515 quum
1209 2439 1283 2496 illurn
1314 2441 1400 2514 mepte
1428 2439 1540 2515 diliporo
1568 2435 1656 2519 (pag.
1686 2435 1736 2500 75.
1759 2435 1804 2522 2).
1850 2434 1939 2513 Quae

156 2555 262 2623 uerba
284 2573 364 2620 oaue
386 2571 428 2618 ne
450 2555 601 2636 temptes
646 2554 849 2640 Quemquam
877 2553 1148 2620 OHirsehfeldius
1176 2552 1278 2638 (apud
1301 2551 1561 2620 Studemundum
1588 2555 1624 2620 in
1651 2555 1795 2639 epistula
1822 2556 1939 2620 oritiee

156 2677 201 2742 ed
239 2693 291 2740 me
330 2672 413 2740 deta
451 2691 527 2756 pag.
566 2669 708 2758 XXXII)
752 2676 942 2741 emendasse
977 2673 1040 2740 sibi
1076 2673 1169 2742 uisus
1206 2678 1273 2738 est:
1313 2695 1381 2736 neue
1417 2680 1517 2738 indiae
1553 2679 1695 2754 perdar
1733 2681 1811 2755 epod
1839 2681 1937 2755 fitium.

155 2797 198 2861 At
221 2796 315 2862 deest
336 2813 433 2878 quem
454 2792 593 2876 perdere
615 2795 756 2862 notetur.
793 2795 931 2862 Errasse
952 2795 1085 2861 uidetur
1107 2794 1203 2859 homo
1227 2791 1444 2874 doctissimus,
1465 2813 1539 2858 oum
1559 2794 1698 2878 parendi
1719 2795 1856 2861 uerbum
1878 2794 1937 2859 im-

155 2919 346 3000 peratorum
372 2911 578 2996 temporibus
603 2931 765 2997 persaepe
793 2915 939 2982 eiusdem
966 2913 1109 2980 notionis
1138 2935 1208 2982 esse
1240 2934 1301 2998 pro
1335 2919 1494 2994 apparendi
1524 2913 1579 2980 uel
1614 2921 1792 2996 comparendi
1821 2915 1937 2981 obliui-

100 3007 103 3098 1
154 3040 315 3116 uteretur,
350 3033 392 3098 de
425 3053 492 3116 que
522 3051 559 3096 re
595 3033 708 3099 confer
735 3031 1003 3118 Oudendorpium
1032 3035 1076 3100 ad
1104 3034 1193 3100 Suet.
1226 3033 1338 3098 Oetau.
1369 3053 1394 3098 o.
1417 3033 1475 3116 953
1512 3055 1554 3099 ne
1576 3034 1649 3098 Afri
1679 3035 1810 3120 quidem
1832 3035 1936 3101 uerbo

97 3099 102 3268 ξ
154 3153 336 3221 abstinent:
359 3149 400 3217 el.
422 3149 519 3236 Apul.
542 3147 619 3217 Met.
641 3152 658 3217 I
682 3153 730 3220 14.
759 3153 787 3218 V
809 3153 840 3217 3.
875 3153 1021 3220 *Tertull
1045 3153 1086 3218 de
1108 3153 1199 3238 bapt
1221 3153 1251 3234 3,
1276 3153 1316 3218 de
1337 3153 1532 3238 praesoript
1555 3153 1682 3220 haeret
1705 3156 1757 3230 42,
1781 3155 1822 3220 de
1844 3153 1935 3221 cultu

96 3269 100 3340 l
152 3277 228 3342 lem.
250 3273 336 3341 115.
379 3275 485 3336 Indicio
505 3293 610 3352 perere
632 3278 709 3352 opud
730 3278 848 3352 aliquem
867 3273 956 3340 idem
978 3277 1029 3339 est
1059 3274 1148 3356 quod
1177 3273 1334 3338 indicium
1360 3272 1527 3357 profiteri,
1557 3273 1739 3342 delatorem
1761 3295 1841 3342 esse.
1886 3275 1935 3340 De

156 3395 271 3461 <lutino
291 3397 389 3479 quein
411 3392 527 3459 dieunt
547 3389 638 3457 finali
660 3391 734 3458 vide
755 3391 913 3458 Ebartum
935 3392 957 3457 l.
982 3414 1009 3459 o.
1030 3411 1105 3478 pog.
1128 3392 1192 3458 315
1213 3413 1261 3476 sq.
1285 3423 1326 3448 a
1348 3392 1426 3461 diss.
1449 3413 1523 3477 peg.
1546 3393 1564 3457 7
1588 3415 1637 3478 sq.

304 3514 344 3579 In
366 3512 511 3598 epistole
531 3511 688 3579 Antonini
710 3513 918 3598 imperotoris
939 3515 983 3580 ed
1005 3515 1202 3582 Frontonem
1224 3513 1240 3578 I
1264 3513 1281 3578 1
1304 3532 1378 3596 pag.
1402 3513 1453 3580 94.
1479 3513 1532 3578 13:
1554 3519 1617 3576 eale
1640 3528 1665 3576 et
1682 3535 1830 3594 perennem
1844 3518 1933 3577 moute

153 3642 233 3698 uenio
254 3639 354 3696 bonum
375 3637 559 3695 eoleerderem
587 3631 704 3697 dubito
732 3653 775 3698 an
801 3653 868 3698 non
895 3640 987 3700 recte
1008 3633 1204 3717 MHttuptius
1232 3631 1457 3700 emendeuerit
1482 3655 1609 3713 perenne
1635 3637 1724 3695 multis
1753 3639 1833 3695 annis
1863 3638 1935 3695 beno

150 3759 326 3816 ermodito·
360 3750 545 3819 Admodum
568 3751 701 3836 quidem
728 3773 825 3819 rarus
849 3759 900 3820 est
928 3752 1023 3818 uerbi
1047 3759 1224 3833 perornanda·
1251 3773 1331 3818 usus
1359 3751 1565 3832 transitivos,
1593 3757 1630 3816 at
1655 3752 1820 3818 iuvenitur
1845 3753 1934 3837 apud

151 3855 391 3940 Tertullianum
413 3871 530 3939 Afrum
552 3871 607 3958 (de
629 3871 752 3937 ieiunio
775 3874 796 3937 6
817 3892 892 3956 pag.
915 3872 988 3938 859.
1012 3873 1053 3937 27
1077 3873 1236 3958 Oehler.):
1259 3880 1308 3952 qui
1327 3875 1514 3952 quadruplum
1529 3876 1798 3952 desertoremque
1814 3879 1934 3938 nectitur

149 4015 238 4074 stupra
259 3997 394 4057 tumtunm
417 4007 536 4055 naturae
554 3995 718 4072 fucultatem
744 3998 871 4054 tetrardum
895 3999 1067 4074 perennavit,
1094 3997 1134 4056 ut
1159 3991 1296 4076 propius
1324 3991 1495 4058 accedenti
1516 3991 1560 4056 ad
1583 3991 1708 4056 codicis
1729 3991 1932 4062 frontoniani

148 4112 328 4178 leotionem
356 4111 577 4188 scribendum,
595 4110 677 4175 mihi
703 4129 776 4176 esse
802 4110 971 4178 uideatur:
995 4133 1134 4192 perennes
1162 4117 1252 4174 moltis
1281 4118 1360 4174 antur
1389 4117 1487 4174 bouem
1516 4117 1708 4176 ueletodinem,
1760 4111 1931 4177 Modonrm

151 4232 329 4299 diuersitas
362 4233 446 4300 nihil
478 4231 581 4298 habet
613 4251 679 4316 quo
713 4229 899 4296 offendaris.
950 4231 1042 4297 Idem
1073 4231 1158 4296 enim
1184 4231 1369 4297 Antoninus
1399 4232 1432 4296 ll
1460 4233 1482 4297 4
1509 4252 1583 4317 pag.
1615 4231 1685 4300 107.
1718 4232 1752 4298 1:
1788 4237 1867 4317 reule,
1896 4238 1934 4294 mi

149 4358 342 4416 iucundissime
369 4360 505 4433 mupirter.
553 4355 692 4416 Ciceronis
720 4357 859 4432 epistolae,
887 4358 912 4414 ei
936 4356 1008 4432 ferte
1037 4357 1135 4415 eleetos
1162 4365 1233 4415 totae
1256 4357 1306 4414 uel
1327 4357 1486 4414 dionidietae
1507 4357 1600 4432 later,
1622 4358 1763 4431 inperitae,
1786 4357 1831 4415 uel
1852 4373 1929 4413 moue

148 4497 219 4552 quas
237 4479 408 4553 potissimum
423 4477 552 4554 lepardus
575 4475 767 4534 militensem
790 4477 829 4533 ad
846 4476 1006 4551 fertilitatem
1027 4479 1159 4535 sermonis
1176 4477 1340 4554 fouendum.

149 4645 416 4662 ——u—-h-n———ae-

302 4735 370 4803 *tto
398 4731 470 4789 totle
496 4729 597 4788 eenh-
625 4729 725 4800 philol.
753 4729 858 4799 onlong.
885 4728 988 4802 Itpag.
1017 4731 1078 4786 431.
1106 4757 1140 4772 -
1176 4730 1199 4800 2)
1228 4731 1258 4784 iu
1276 4727 1380 4784 eisdem
1409 4727 1483 4785 aetia
1511 4727 1547 4786 ΙΙ.
1574 4743 1638 4798 pag.
1666 4730 1720 4786 320
1743 4748 1778 4778 =
1806 4746 1869 4800 pag.
1897 4729 1930 4786 11

147 4835 375 4894 dissertationis.-
