4470 5772
1101 145 1139 216 11

230 338 270 405 16
290 359 389 406 uersu
417 343 562 406 extremo
593 359 666 404 cum
693 338 846 406 mendum
875 337 979 406 latere
1000 339 1220 406 Buechelerus
1247 337 1369 422 optime
1395 332 1627 422 perspexisset,
1649 360 1704 400 non
1725 345 1773 400 tua
1794 332 2013 399 steatomata

234 482 303 545 eqs.
327 459 523 527 emendauit.
567 459 712 542 Poterat,
734 461 800 526 nisi
821 457 929 538 fallor,
950 459 1088 543 propius
1105 429 1154 526 'ad
1177 458 1300 526 codicis
1323 458 1520 544 scripturam
1541 456 1698 525 accedere
1721 457 1784 524 sic:

714 597 780 653 Nou
798 602 860 654 tuos
877 596 925 668 qai
942 597 995 652 rite
1013 597 1115 666 uuus,
1133 603 1219 654 mente
1236 597 1282 653 sed
1299 613 1353 668 quc
1370 597 1515 652 66661666.

388 717 483 801 Quod
504 733 566 782 tuas
588 719 706 803 scripsi
726 740 787 803 pro
810 733 868 791 tua,
890 720 961 804 ipse
982 719 1182 786 Dracontius
1204 718 1384 800 excusabit,
1407 718 1500 784 onius
1521 717 1678 783 librarius
1693 737 1760 784 non
1773 737 1850 784 raro
1866 717 2012 803 singulas

236 839 370 906 litteras
392 837 504 904 omisit
524 839 618 904 uelut
639 839 673 904 ΙΙ
695 839 738 904 24
759 846 788 902 ui
807 859 868 925 pro
890 847 934 902 sui
954 840 988 906 Π
1009 839 1052 904 64
1073 855 1168 904 noscat
1188 861 1250 925 pro
1272 853 1394 910 noscant.
1438 838 1517 904 Uoc.
1539 846 1591 902 nte
1613 839 1708 906 dccet
1730 838 1934 923 discipulum,
1957 837 2014 922 qui

238 962 422 1042 praecepta
442 958 524 1024 artis
548 979 568 1024 a
587 958 755 1026 Felioieno
777 964 958 1044 acceperat.

996 1187 1259 1200 -———-·

861 1426 1173 1503 ANTHOLoors
1199 1423 1390 1500 LATINA.

387 1595 426 1661 In
449 1595 562 1661 codice
582 1593 738 1661 uossiano
760 1594 846 1662 inter
869 1596 1014 1663 carmina
1037 1617 1121 1682 quae
1145 1596 1205 1662 sub
1229 1595 1373 1662 Senecas
1393 1593 1525 1660 nomine
1547 1591 1700 1659 feruntur
1714 1593 1779 1660 tria
1794 1597 2016 1679 suntquater-

235 1735 351 1781 norum
372 1681 528 1780 uersuum
550 1720 584 1778 de
605 1721 663 1778 aira
682 1719 817 1778 humiliori
838 1716 1029 1802 (Burmann.
1051 1716 1101 1781 ΙΠ
1123 1717 1174 1784 66.
1191 1715 1241 1780 67.
1265 1715 1316 1794 68,
1338 1713 1459 1798 Meyer.
1475 1712 1547 1777 907.
1571 1712 1750 1800 901909),
1782 1733 1867 1798 quae
1887 1713 2018 1778 Riesius

234 1835 297 1899 407
321 1839 354 1898 et
375 1827 594 1900 Baehrensius
618 1837 718 1918 (poet.
740 1832 797 1901 lat.
819 1835 896 1900 min.
919 1835 965 1901 IV
989 1836 1028 1900 17
1057 1856 1131 1920 pag.
1155 1835 1211 1920 61)
1233 1834 1407 1899 Pithoeum
1435 1833 1539 1898 secuti
1573 1832 1608 1899 in
1640 1835 1740 1897 unum
1771 1833 2018 1898 coniunxerunt.

236 1953 328 2018 Idem
351 1953 437 2018 6616
460 1953 568 2018 66616
590 1957 751 2038 spectant,
773 1959 811 2020 61
833 1953 1007 2019 ‘amicitias
1029 1954 1130 2021 nimio
1158 1953 1333 2037 splendore
1361 1953 1514 2019 nitentes'
1541 1951 1657 2036 fugere
1685 1952 1830 2019 iubeant.
1873 1951 2020 2017 Medium

235 2072 299 2138 hoc
327 2077 393 2138 est:
1703 2081 1705 2086 '

767 2157 899 2228 Inpentss
911 2157 1039 2214 'danicos
1056 2164 1082 2214 et
1097 2159 1187 2227 famae
1204 2157 1316 2214 666166
1332 2157 1423 2214 clarae

807 2247 977 2317 161161νὶ666
993 2263 1092 2318 qrauss
1108 2247 1249 2303 nobilitate
1266 2245 1355 2303 dmuos

769 2333 874 2390 Deuita
891 2341 918 2391 et
935 2336 1011 2406 cape
1027 2336 1111 2390 uiuus
1127 2335 1188 2405 oola,
1206 2336 1334 2391 66616616
1350 2335 1412 2390 uela

805 2425 846 2479 ut
863 2429 889 2478 te
904 2424 1029 2480 litoribus
1046 2425 1139 2494 cymba
1152 2423 1312 2494 propinqua
1329 2425 1419 2480 tutat.

389 2575 492 2642 Uides
523 2578 557 2640 et
584 2575 754 2642 dehortari
775 2582 908 2662 poetam
931 2583 965 2644 61
986 2578 1123 2645 hortari.
1167 2578 1232 2645 Sed
1254 2584 1293 2644 ut
1313 2577 1412 2663 plane
1433 2577 1612 2663 perspicua
1632 2580 1708 2642 sunt
1729 2595 1814 2660 quac
1842 2575 2021 2656 dissuadet,

238 2695 286 2760 116
315 2695 457 2760 obscura
479 2700 557 2760 sunt
580 2717 665 2782 qnae
693 2697 820 2763 suadet.
863 2698 972 2782 Atque
1001 2698 1131 2764 omnino
1159 2697 1240 2764 ferri
1262 2697 1378 2784 nequit
1399 2696 1597 2764 uocabulum
1618 2703 1712 2772 uiuus,
1736 2675 1916 2762 absurdum
1937 2695 2023 2761 enim

242 2819 293 2880 est
315 2815 455 2880 suadere
477 2819 515 2879 61
539 2815 613 2899 quis
634 2815 732 2881 uiuus
754 2816 866 2898 faeiat,
890 2839 974 2902 quae
996 2820 1124 2884 mortno
1147 2818 1258 2886 facere
1279 2840 1345 2885 non
1366 2818 1453 2885 licet.
1496 2817 1609 2902 Longe
1632 2816 1730 2884 aliter
1752 2815 1890 2882 Ouidius
1913 2815 2023 2901 (Trist.

240 2933 341 3002 1114.
364 2935 384 2998 3
408 2935 494 3020 sqq.)
518 2955 615 3018 quem
636 2934 689 3000 hic
712 2940 812 3020 poeta
838 2937 987 3003 imitatus
1018 2942 1080 3018 661,
1108 2957 1179 3003 rem
1201 2937 1283 3021 egit,
1314 2958 1387 3003 cnm
1408 2955 1530 3021 magna
1551 2935 1680 3020 fugere,
1708 2955 1814 3020 parua
1835 2935 1937 3017 tueri,
1960 2935 2025 3001 sibi

239 3055 363 3133 uiuere,
385 3074 452 3119 non
474 3052 558 3135 aliis,
581 3054 693 3136 latere,
716 3075 782 3121 non
804 3056 950 3141 conspici
971 3056 1091 3122 iubeat.
1128 3057 1245 3142 Itaque
1266 3056 1432 3141 permulta
1447 3053 1643 3122 emendandi
1663 3055 1815 3140 pericula
1834 3054 1925 3122 facta
1939 3057 2024 3120 sunt.

239 3171 286 3236 Ut
307 3170 533 3238 Burmannum
555 3177 589 3238 61
604 3174 771 3258 Meyerum
794 3176 957 3258 omittam,
980 3177 1037 3261 qui
1058 3183 1135 3257 unqe
1156 3183 1236 3240 6166
1253 3181 1322 3257 supe
1343 3175 1539 3257 maluerunt,
1563 3174 1819 3259 Oannegieterus
1840 3175 1884 3242 ad
1905 3174 2023 3241 Auian.

238 3288 341 3356 fabul.
363 3291 404 3356 13
424 3311 500 3375 pag.
523 3291 564 3358 93
586 3299 663 3372 lonpc
685 3309 781 3358 cautus
797 3299 876 3374 supe,
899 3294 1083 3362 Scriuerius
1105 3303 1182 3376 lonqe
1202 3303 1298 3359 uirens
1319 3301 1390 3367 cole,
1412 3295 1568 3362 Heinsius
1590 3301 1667 3375 leupo
1688 3302 1766 3358 aaa
1787 3300 1858 3366 cole,
1893 3294 2023 3362 Ouden-

240 3408 376 3492 dorpius
398 3415 573 3490 torporeque
595 3417 661 3483 cole,
683 3412 810 3478 Riesius
833 3419 925 3477 deuito
945 3421 1023 3495 louqe
1045 3429 1069 3476 et
1089 3423 1170 3479 uiuus
1192 3421 1257 3491 cole,
1279 3415 1444 3500 Hauptius
1465 3414 1500 3479 in
1529 3413 1670 3480 Hermae
1692 3413 1754 3480 VH
1778 3416 1819 3483 13
1841 3449 1883 3472 =
1905 3415 2023 3501 Opueo.

240 3529 271 3598 3.
293 3529 357 3594 573
386 3534 464 3608 lonqe
484 3553 570 3594 sanus
584 3537 655 3613 cole,
680 3533 900 3600 Baehrensius
923 3546 1033 3598 oratus
1056 3534 1111 3618 (=
1120 3536 1248 3621 666166)
1271 3541 1327 3599 cole
1350 3533 1617 3602 emendauerunt.
1647 3536 1712 3604 Sed
1726 3558 1831 3620 6666,
1853 3541 1944 3624 puto,
1967 3535 2025 3601 ad-

241 3646 422 3712 monendus
451 3653 517 3732 est,
552 3655 590 3715 61
617 3655 676 3717 661
704 3673 802 3718 66666
830 3657 888 3719 661
915 3656 1005 3718 16166
1033 3653 1092 3736 611;
1130 3675 1241 3720 66666
1270 3655 1356 3719 6616
1384 3655 1420 3721 id
1442 3653 1576 3740 quidem
1596 3649 1768 3740 adpetunt.
1811 3655 2026 3723 Scribendum

240 3765 389 3834 uidetur:
414 3782 439 3830 ct
460 3775 537 3848 lonqe
558 3784 587 3832 tu
607 3793 657 3833 rus
679 3777 735 3836 cole
756 3771 777 3837 i.
801 3759 947 3856 alonge
970 3769 1012 3838 ab
1034 3772 1116 3839 urbe
1138 3777 1275 3861 eiusque
1297 3772 1503 3858 principibus
1526 3775 1709 3844 solitariam
1737 3776 1800 3842 tibi
1829 3777 1934 3842 uitam
1955 3795 2025 3860 age.

241 3884 344 3952 Poeta
365 3887 555 3954 ouidiauum
576 3889 596 3954 l.
619 3911 646 3956 c.
669 3892 769 3958 1114.
792 3892 834 3958 25
855 3897 921 3955 bene
935 3899 983 3972 qui
1003 3898 1167 3956 1611611666
1189 3901 1257 3957 61611
1278 3913 1336 3960 666
1357 3894 1490 3979 ingenio
1511 3894 1670 3962 imitatur.

394 4005 441 4072 Ut
472 4005 508 4072 id
538 4008 579 4073 de
616 4010 805 4092 quomodo
832 4011 885 4096 egi
912 4031 1045 4077 carmon
1074 4013 1157 4078 sitne
1187 4012 1327 4080 africani
1354 4013 1527 4080 cuiusdam
1555 4019 1674 4100 poetae
1703 4035 1747 4080 66
1768 4035 1833 4081 666
1862 4015 1906 4080 611
1934 4019 2027 4080 certo

245 4120 421 4190 diiudicari
443 4127 559 4210 nequit
581 4127 739 4212 (Senecae
761 4149 833 4196 esse
854 4130 936 4196 mihi
959 4131 1092 4215 quidem
1113 4153 1180 4198 non
1200 4133 1365 4217 persuasit
1379 4133 1600 4202 Baehrensius
1608 4136 1633 4220 ¹)
1655 4136 1691 4200 in
1712 4157 1793 4202 mus.
1809 4136 1900 4201 rhen.
1919 4133 2029 4199 XXXI

241 4261 316 4326 pag.
347 4243 435 4329 256),
463 4245 513 4311 ita
542 4247 758 4330 epigramma:
879 4230 881 4234 ¹

780 4381 908 4458 Quisquis
925 4383 1013 4445 adhuc
1030 4384 1151 4444 6666166
1166 4389 1296 4459 senuaar
1313 4390 1407 4448 6161116
1424 4407 1538 4464 requam

814 4474 872 4560 Nec
889 4481 985 4532 soram
1002 4477 1100 4534 acrius
1117 4479 1204 4534 aedis
1221 4479 1319 4537 tabere
1335 4481 1416 4552 61666,

778 4557 878 4632 Aspice
897 4559 1053 4620 Aleaoodri
1065 4565 1186 4636 positum
1203 4571 1358 4626 6666661116
1374 4586 1480 4640 eorpus.

813 4652 962 4710 Abscoudit
979 4658 1086 4710 tautum
1098 4651 1194 4724 putris
1211 4659 1317 4715 horem
1335 4659 1450 4732 uirumt,

248 4715 513 4734 ύα-Δ-Η-..ι-...μι-Δι

406 4795 425 4864 ι)
444 4789 626 4846 ORossbachi
645 4786 858 4860 disquisitiones
876 4793 911 4849 de
930 4795 1052 4852 Senecae
1070 4795 1120 4851 filii
1139 4797 1253 4870 scriptis
1272 4800 1475 4870 (Vratislavise
1494 4800 1573 4871 1882)
1590 4799 1713 4856 nondum
1732 4797 1872 4870 inspicere
1889 4799 1978 4872 potui.

1786 4886 1804 4942 4
1811 4887 1826 4920 *
