4470 5772
1116 165 1156 233 13

1037 258 1238 274 μ’*

402 353 551 440 corippi:

591 474 659 543 Quis
676 475 807 532 lacrimas
827 475 921 532 clades
939 477 1060 546 praedae
1079 478 1208 534 incendia
1226 487 1330 536 mortes
1349 481 1489 552 (Ioh.144
1502 499 1556 568 sq)

587 560 709 616 Insidias
722 561 841 630 gemitus
859 567 1028 618 tormentum
1045 562 1158 619 uincula
1175 571 1274 635 raptus

587 646 737 714 Explicet?

588 729 714 786 Perfidus
732 731 831 786 infelix
848 737 929 787 atrox
942 731 1064 788 insulsus
1083 733 1193 790 adulter
1210 735 1262 806 (Ν
1279 738 1394 813 aassq.)

588 815 696 870 Praedo
715 816 857 872 homicida
874 833 964 886 rapax
981 817 1118 872 bellorum
1135 820 1272 889 pessimus
1290 833 1391 882 auctor

589 901 713 956 Saltatns
732 902 806 956 risus
825 901 969 957 discursus
987 901 1090 970 gaudia
1108 904 1223 972 plausus
1247 908 1292 976 (de
1310 913 1385 968 laud.
1405 917 1474 978 Iust.
1492 923 1533 979 ΙΙΙ
1551 926 1606 996 74.)

591 987 728 1042 Aesculus
747 987 827 1042 alnus
846 1002 911 1042 acer
928 988 1104 1045 terebinthus
1122 992 1242 1060 populus
1261 1009 1345 1054 ornus
1364 1001 1415 1070 (IV
1432 1006 1487 1077 tt).

400 1141 648 1226 Pseudonymus
678 1139 822 1224 quidam,
845 1139 901 1224 qui
917 1140 977 1206 sub
998 1143 1130 1208 nomine
1153 1143 1326 1218 Octauiani
1350 1153 1499 1227 Caesarie
1521 1163 1661 1248 Augusti
1682 1165 1775 1249 latet,
1799 1169 2033 1252 imperatorem

248 1258 376 1340 laudat,
406 1262 495 1345 quod
522 1261 626 1326 libros
654 1259 795 1344 Uergili,
828 1279 908 1342 quos
941 1265 1041 1344 poeta
1069 1265 1208 1330 cremari
1229 1267 1376 1356 iusserit,
1407 1276 1545 1347 flammis
1569 1285 1717 1350 comburi
1739 1289 1884 1354 uetuerit
1906 1287 2031 1372 (Burm.

229 1377 281 1478 ΙΙΙ
304 1379 380 1460 184,
410 1381 529 1464 Meyer.
552 1379 629 1461 858,
657 1379 743 1446 Ries.
770 1377 847 1460 672,
874 1377 1053 1447 Baehrens.
1073 1387 1161 1467 poet.
1185 1383 1243 1454 lat.
1265 1390 1342 1461 min.
1366 1393 1413 1461 IV
1435 1399 1520 1487 183).
1565 1402 1664 1471 Cuius
1688 1405 1841 1472 carminis
1868 1427 1968 1474 uersu
1992 1406 2032 1471 15

247 1495 330 1562 haec
353 1497 522 1582 leguntur:
989 1577 990 1584 χ
1243 1527 1249 1537 ’
1832 1524 1839 1536 ’

727 1633 806 1688 Haec
824 1632 903 1689 dedit
921 1641 953 1690 ut
969 1643 1087 1704 pereant
1104 1639 1205 1710 ipsum,
1226 1644 1250 1698 si
1269 1643 1362 1703 dicare
1380 1648 1423 1706 las
1442 1655 1505 1708 eet?

404 1787 458 1852 Sic
481 1786 620 1856 codices.
665 1787 772 1872 Negat
793 1788 979 1872 Uergilium
1001 1809 1038 1857 eo
1063 1791 1200 1860 consilio
1226 1803 1372 1868 carmina
1393 1825 1453 1871 sua
1475 1808 1564 1892 (nam
1587 1833 1672 1894 quae
1693 1815 1793 1898 uulgo
1823 1816 1863 1881 de
1887 1815 2032 1882 Aeneide

248 1903 442 1986 traduntur,
479 1906 533 1971 hic
565 1911 663 1990 poeta
696 1907 736 1973 de
772 1907 921 1974 omnibus
950 1910 1149 1979 carminibus
1174 1918 1364 2002 uergilianie
1395 1929 1620 1996 commendata
1649 1953 1721 1999 esse
1750 1934 1859 2017 sumit,
1882 1935 2030 2002 comburi

251 2022 395 2105 iussisse,
417 2029 456 2091 ut
478 2045 551 2090 cum
573 2026 644 2110 ipso
667 2031 805 2111 pereant
825 2033 1011 2113 poetasque
1032 2051 1151 2098 nomen
1173 2037 1395 2122 exstinguant.
1440 2043 1526 2124 Quid
1548 2049 1635 2116 enim
1657 2051 1749 2118 aliud
1770 2054 1874 2122 uerba
1895 2061 1921 2117 a·
1941 2060 2031 2118 dicere

244 2147 295 2221 sae
317 2158 356 2206 eat
378 2143 565 2227 significant
587 2146 652 2212 nisi
673 2147 736 2212 hoc
757 2146 831 2213 fieri
851 2167 917 2214 non
937 2169 1043 2233 posse,
1067 2172 1108 2216 ne
1130 2153 1196 2220 dici
1219 2158 1349 2242 quidem
1366 2163 1488 2230 licere?
1522 2168 1723 2237 Immortalis
1738 2175 1849 2239 autem
1863 2172 2029 2257 Uergilius

247 2266 297 2326 est
321 2268 457 2347 propter
485 2266 558 2349 ipsa
590 2267 736 2332 carmina
764 2289 839 2350 sua,
871 2267 1065 2352 quibuscum
1094 2271 1202 2356 ipsum
1230 2283 1362 2361 poetam
1392 2284 1488 2367 quasi
1514 2289 1623 2370 perire
1652 2311 1785 2358 necesse
1815 2297 1912 2359 esset.
1962 2295 2030 2360 Ita-

248 2401 311 2463 que
336 2383 488 2450 emendo:

748 2522 827 2579 Haec
846 2523 924 2582 dedit
941 2531 973 2581 ut
987 2525 1109 2597 perdam
1125 2529 1226 2602 ipsum,
1245 2533 1270 2590 ei
1288 2533 1382 2592 dicere
1400 2537 1444 2595 las
1463 2540 1527 2597 est?

247 2669 368 2736 Similis
396 2672 558 2738 sententia
589 2677 639 2738 est
667 2675 790 2741 anthol.
817 2677 875 2742 lat.
902 2679 936 2744 II
963 2681 1037 2753 200.
1066 2684 1087 2748 3
1114 2680 1236 2773 Burm,
1265 2687 1339 2759 529.
1368 2691 1389 2756 3
1419 2692 1550 2779 Meyer„
1582 2697 1652 2763 158.
1682 2700 1703 2764 3
1732 2699 1828 2788 Rieu,
1854 2708 1941 2787 poet.
1971 2704 2029 2776 lat.

249 2789 326 2856 min.
349 2789 396 2855 IV
418 2791 490 2860 345.
514 2793 534 2855 3
555 2812 629 2876 pag.
652 2794 717 2858 310
737 2795 874 2864 Baehr.:

798 2967 887 3022 Liada
900 2969 1002 3026 datam
1018 2971 1092 3027 nibil
1109 2979 1186 3032 tanto
1204 2977 1315 3033 aalma
1327 2985 1432 3052 macc,

800 3055 882 3124 Quem
895 3066 1096 3126 praesentat
1113 3063 1214 3119 bcaoa
1231 3068 1392 3123 carminis
1410 3075 1436 3124 et
1449 3069 1545 3139 plutei.

246 3199 518 3268 Baehrensiuaa
539 3210 615 3268 dedit
637 3219 667 3267 ut
684 3223 802 3286 pereant
823 3216 903 3290 ipso
926 3233 991 3278 non
1013 3213 1180 3301 intellego,
